1905 2746
303 312 348 343 52
768 311 882 341 VITA
904 311 966 341 ET
990 311 1157 342 OBITUs

303 434 322 448 “
334 430 434 469 Veni,
452 431 609 470 Domine,
627 443 669 465 ne
680 443 813 465 morare
828 443 837 471 3
856 433 923 465 diei
937 434 1113 476 noctisque
1127 432 1264 466 fastidio
1276 433 1384 464 lassus
1396 442 1472 464 sum
1488 441 1496 470 3
1517 431 1605 467 veni,

300 509 447 542 Domine
461 509 483 542 J
485 521 554 549 esu,
572 515 612 543 ut
629 512 672 544 ad
689 516 722 544 te
737 512 881 544 veniam.
926 513 957 545 O
971 513 1068 545 dulce
1081 512 1233 546 faustum
1253 523 1291 544 ac
1308 511 1390 544 felix
1405 512 1486 544 vitae
1501 511 1605 554 hujus

299 589 487 621 divortium
503 600 511 622 :
535 590 621 628 veni,
635 589 794 628 Domine,
811 591 953 623 dulcedo
970 601 1056 629 mea,
1075 591 1288 633 emancipato
1301 591 1451 623 animam
1466 590 1554 622 hanc
1567 594 1606 622 ut

298 672 331 700 te
341 669 465 701 marito
476 668 642 701 fruatur.’'
669 668 761 701 Tum
773 680 815 701 ex
826 669 1018 702 astantibus
1032 680 1133 707 unus,
1152 672 1171 686 ⁶⁶
1186 669 1240 701 Ne
1251 674 1323 701 esto
1340 670 1474 707 anxius,
1486 670 1608 701 accele-

296 752 351 780 rat
360 747 530 780 Dominus
542 752 622 781 tuus
630 749 658 780 :'’
669 749 723 780 cui
735 748 801 787 ille,
814 748 987 781 “Gratum
999 748 1096 787 mihi,
1107 748 1231 791 inquit,
1243 748 1335 780 istud
1347 748 1519 780 nuntium.
1531 747 1609 780 Uti-

296 837 375 859 nam
390 827 444 859 die
458 828 607 860 crastino
621 828 781 870 exequias
795 839 887 861 meas
899 828 1096 860 duceretis.”
1123 827 1216 860 Tum
1230 828 1326 865 alter,
1341 831 1360 844 ‘⁶
1373 827 1482 859 Beata
1495 827 1609 859 anima

295 911 365 938 tam
377 905 528 938 Domino
540 907 652 939 vicina
661 906 766 950 quam
776 912 836 940 tua
844 907 870 939 :’⁷
883 906 944 939 Ille
955 907 1046 945 vero,
1059 910 1078 924 “
1088 907 1129 939 In
1142 918 1195 939 me
1204 907 1291 939 nihil
1303 912 1353 939 est
1364 907 1456 949 quod
1467 918 1535 938 non
1547 907 1609 939 du-

297 996 370 1017 cam
388 997 450 1028 pro
468 986 675 1019 stercoribus
693 991 733 1019 ut
747 986 925 1020 Christum
944 987 1153 1020 lucrifaciam
1170 997 1177 1019 :
1201 986 1358 1019 Christus
1376 987 1477 1019 unica
1495 987 1607 1019 solatii

293 1065 460 1097 materia:
481 1066 591 1098 omnis
605 1066 744 1109 justitia
756 1077 833 1098 mea
847 1077 981 1109 pannus
995 1067 1225 1098 immundus.''
1265 1065 1503 1109 Interrogatus
1521 1077 1608 1098 nun-

294 1144 377 1186 quid
390 1146 537 1187 pastoris
554 1145 659 1178 ullius
678 1146 866 1189 alloquium
878 1145 1060 1190 flagitaret,
1072 1146 1258 1189 respondit,
1285 1149 1304 1163 ‘⁶
1318 1145 1397 1178 Non
1411 1150 1606 1179 creaturum

295 1235 330 1256 se
342 1225 383 1257 iis
394 1226 586 1259 molestiam
598 1226 691 1268 quod
702 1226 745 1258 ad
760 1226 1029 1259 concionandum
1042 1237 1076 1258 se
1088 1226 1304 1270 accingerent
1317 1235 1324 1257 :
1343 1225 1462 1264 Sinite,
1474 1226 1599 1268 inquit,

294 1315 349 1336 me
370 1305 506 1346 psittaci
528 1305 637 1337 instar
655 1315 732 1337 cum
751 1304 901 1337 Domino
919 1316 994 1337 meo
1013 1305 1211 1337 balbutire.’'
1262 1304 1397 1337 Certior
1422 1304 1532 1337 factus
1557 1305 1607 1336 in-

295 1384 452 1416 choatam
464 1384 659 1416 concionem
670 1394 679 1422 ;
699 1388 718 1401 ‘⁶
728 1384 783 1416 Da
794 1384 890 1421 mihi,
903 1385 1026 1428 inquit,
1039 1384 1197 1422 Domine,
1211 1395 1250 1416 ea
1260 1384 1375 1416 videre
1386 1385 1507 1427 quaein
1520 1395 1607 1427 prae-

296 1464 406 1496 sentia
419 1464 476 1496 alii
488 1464 662 1496 audiunt.”
691 1463 856 1497 sabbathi
870 1465 1011 1496 meridie
1025 1465 1072 1497 sic
1086 1475 1164 1496 eum
1178 1464 1304 1497 affatur
1318 1464 1457 1507 quidam
1471 1474 1479 1503 3
1508 1467 1527 1481 “
1540 1464 1606 1497 Per

298 1554 431 1576 omnem
459 1544 567 1576 vitam
594 1549 690 1576 tuam
717 1543 886 1576 indefessa
909 1555 1012 1587 opera
1035 1545 1229 1587 sedulisque
1253 1542 1427 1576 laboribus
1446 1543 1511 1576 Dei
1534 1546 1606 1588 glo-

296 1624 381 1656 riam
394 1624 596 1666 promovisti
611 1624 636 1655 :”
654 1628 729 1656 tum
744 1624 810 1661 ille,
825 1627 844 1640 “
857 1623 947 1655 Mihi
961 1624 1062 1656 unica
1075 1623 1245 1667 gloriandi
1259 1624 1403 1656 materia
1418 1624 1605 1656 misericor-

296 1704 351 1735 dia
370 1703 446 1741 Dei,
464 1704 501 1735 in
519 1702 658 1735 Christo
675 1702 696 1734 J
700 1714 770 1741 esu,
788 1704 855 1735 alia
872 1703 987 1735 onmia
1004 1703 1130 1735 damna
1146 1703 1261 1735 duco.”
1304 1702 1394 1735 Dein
1413 1714 1514 1746 sopor
1531 1705 1606 1746 qui-

293 1783 372 1815 dam
390 1782 502 1814 mollis
520 1792 598 1814 eum
616 1782 760 1819 invadit,
778 1782 838 1824 qui
856 1782 892 1813 in
911 1792 1087 1824 vesperam
1105 1786 1248 1824 occupat
1264 1792 1271 1814 :
1289 1792 1358 1824 quo
1375 1782 1527 1814 discusso
1550 1783 1601 1814 in-

294 1873 431 1906 gressus
450 1862 492 1894 ad
508 1873 585 1894 eum
600 1862 751 1904 supremi
766 1861 911 1894 Senatus
927 1872 1059 1905 praeses,
1075 1863 1128 1894 cui
1144 1861 1342 1906 Edinburgi
1356 1873 1395 1894 eo
1411 1873 1500 1895 anno
1517 1873 1605 1905 prae-

293 1942 424 1974 fectura
438 1941 633 1979 obvenerat,
649 1952 725 1974 eum
745 1941 793 1973 sic
810 1942 999 1984 alloquitur
1012 1954 1019 1973 :
1039 1945 1059 1958 ‘⁵
1071 1941 1294 1974 Academiam
1312 1953 1404 1974 curae
1419 1942 1605 1986 Magistra-

292 2028 391 2054 tuum
403 2021 527 2064 quibus
541 2026 590 2059 tu,
606 2021 764 2059 Domine,
779 2032 888 2064 praees
902 2022 990 2053 serio
1002 2022 1237 2054 commendavi
1256 2032 1264 2060 3
1283 2027 1322 2055 tu
1341 2022 1443 2054 etiam
1462 2023 1603 2055 eandem

293 2101 326 2132 in
346 2101 574 2142 patrocinium
588 2105 688 2133 tuum
700 2101 831 2143 suscipe
847 2110 854 2132 :
869 2101 1073 2143 experiatur,
1087 2112 1215 2144 quaese,
1229 2106 1262 2134 te
1276 2106 1453 2144 parentem
1467 2112 1505 2134 ac
1518 2101 1602 2134 Mae-
