1905 2746
361 285 406 318 46
823 282 936 313 VITA
958 282 1020 312 ET
1044 282 1213 313 OBITUS

355 402 461 430 tatem
479 407 577 429 suam
594 395 717 429 defleat
733 395 931 429 Academia.
975 395 1057 436 Vos,
1075 407 1147 435 VOS,
1165 397 1319 439 inquam,
1336 406 1405 428 non
1422 406 1587 435 novercae,
1604 399 1663 430 sed

352 477 495 521 genuini
512 477 663 519 parentis
678 477 768 509 vices
787 476 889 514 obite,
906 487 980 508 eam
999 480 1114 509 vestro
1132 477 1210 509 sinu
1228 477 1320 514 alite,
1334 475 1457 509 fovete.
1484 476 1661 510 Pastorale

352 567 479 590 munus
496 567 565 589 non
583 557 632 589 ita
645 557 778 599 pridem
790 556 877 588 mihi
891 556 1059 595 incubuit,
1077 557 1170 599 quod
1183 556 1405 599 quamobrem
1424 558 1460 590 iu
1478 568 1532 590 me
1550 569 1660 591 susce-

350 637 460 679 perim
477 647 546 669 non
565 646 625 668 vos
643 635 821 678 praeterit:
848 634 891 667 In
914 645 953 667 eo
976 635 1153 679 egregium
1172 635 1255 678 quid
1272 636 1473 678 praestitisse
1496 647 1550 670 me
1571 637 1659 669 affir-

351 725 444 747 mare
462 725 531 746 non
548 714 667 752 audeo,
685 713 834 746 voluisse
851 718 966 746 tamen
984 713 1125 746 audebo.
1176 713 1356 746 Memoriae
1374 720 1499 748 vestrae
1516 726 1585 748 non
1603 727 1660 748 ex-

350 794 438 826 cidet
456 793 594 836 Synodo
612 792 833 825 Taodunensi
851 792 1019 826 delectum
1036 803 1091 825 me
1108 804 1186 825 cum
1204 794 1279 826 aliis
1297 794 1502 837 quibusdam
1520 796 1579 838 qui
1597 806 1659 838 pro

350 872 503 905 Ecclesia
525 871 738 910 excubarem,
762 873 798 904 in
816 883 884 915 quo
905 882 983 904 cum
1001 871 1067 904 Dei
1084 872 1230 916 gloriam
1248 877 1281 905 et
1299 872 1463 906 Ecclesiae
1481 874 1659 907 incolumi-

350 957 455 984 tatem
474 952 653 994 repentino
666 952 821 984 tumultu
834 950 959 983 misere
972 955 1169 994 quassatam
1183 951 1269 984 mihi
1284 952 1327 985 ob
1340 954 1454 986 oculos
1468 953 1658 992 habuerim,

350 1031 478 1062 nullius
500 1030 659 1062 admissae
675 1031 793 1073 ,culpae
817 1030 1021 1072 poenitentia
1044 1030 1241 1062 discruciari
1260 1041 1314 1063 me
1331 1031 1501 1074 profiteor.
1537 1032 1660 1064 Susur-

349 1110 439 1141 ravit
465 1110 605 1152 quidam
632 1109 832 1152 nuperrime
857 1109 893 1141 in
919 1119 1037 1141 aurem
1063 1119 1175 1142 meam
1201 1110 1458 1142 disseminatam
1486 1121 1659 1143 rumorem

350 1190 540 1232 inquietare
566 1190 719 1221 animum
742 1200 857 1221 meum
875 1189 919 1222 ob
936 1187 1054 1232 inique
1078 1194 1112 1222 et
1134 1200 1314 1233 perperam
1331 1195 1428 1234 gesta
1445 1192 1482 1223 in
1499 1192 1566 1224 ista
1582 1203 1660 1234 pro-

349 1270 470 1301 vincia.
506 1269 619 1301 Deum
637 1279 841 1301 arcanorum
859 1268 1014 1301 omnium
1033 1268 1202 1301 arbitrum
1220 1280 1259 1301 ac
1275 1274 1408 1308 testem,
1426 1271 1469 1302 ad
1483 1271 1580 1315 cujus
1599 1273 1660 1304 tri-

350 1349 454 1381 bunal
472 1359 535 1392 ego
552 1359 633 1380 mox
651 1348 833 1386 sistendus,
858 1348 1002 1390 appello,
1027 1345 1104 1380 cum
1126 1348 1162 1380 in
1183 1348 1277 1381 omni
1294 1348 1358 1381 hoc
1374 1350 1512 1393 negotio
1530 1351 1573 1382 ad
1591 1361 1661 1384 sco-

349 1439 432 1471 pum
453 1428 647 1472 legitimum
671 1427 885 1465 collimarim,
910 1427 998 1459 nihil
1021 1437 1093 1459 esse
1111 1428 1203 1470 quod
1226 1438 1281 1460 me
1305 1428 1432 1461 cruciet
1458 1434 1518 1462 aut
1544 1435 1659 1474 angat.

350 1508 432 1540 Non
450 1518 488 1539 eo
506 1507 645 1550 quidem
663 1506 804 1544 inficias,
821 1506 901 1539 cum
916 1505 1106 1539 Ecclesiam
1124 1517 1163 1539 ac
1181 1507 1442 1551 Rempublicam
1461 1520 1551 1542 nexu
1570 1520 1662 1542 ama·

350 1588 409 1620 bili
424 1598 462 1619 ac
475 1587 628 1619 fraterno
644 1586 812 1630 colligarit
827 1586 977 1628 prudens
996 1586 1116 1618 mundi
1135 1586 1260 1629 opifex,
1277 1588 1314 1620 in
1331 1587 1395 1620 hoc
1408 1588 1511 1621 remis
1525 1600 1563 1621 ac
1578 1590 1660 1622 velis

350 1666 543 1699 incubuisse
556 1676 611 1697 me
624 1670 664 1697 ut
677 1676 712 1697 se
726 1665 857 1697 mutuis
869 1665 1035 1708 juvarent
1053 1664 1180 1704 officiis,
1190 1676 1233 1698 ne
1246 1665 1459 1709 Reipublicae
1470 1668 1605 1711 gladius
1624 1670 1659 1701 in

351 1745 515 1778 Ecclesiae
532 1745 717 1787 perniciem
735 1745 974 1788 stringeretur,
992 1748 1052 1777 aut
1066 1743 1219 1777 Ecclesia
1232 1745 1267 1777 in
1281 1746 1469 1789 principem
1484 1751 1544 1780 aut
1559 1747 1661 1779 Rem-

351 1825 523 1867 publicam
542 1824 696 1857 acerbius
714 1823 946 1862 inveheretur,
972 1823 1167 1867 bellumque
1191 1834 1261 1857 non
1284 1825 1513 1858 necessarium
1535 1826 1659 1859 excita-

351 1908 455 1936 retur.
495 1903 616 1946 Neque
634 1907 749 1935 tamen
771 1907 832 1935 aut
855 1902 903 1935 ita
920 1912 975 1934 me
994 1902 1087 1945 pacis
1105 1912 1201 1935 amor
1218 1902 1400 1936 fascinavit
1417 1908 1456 1937 ut
1473 1906 1659 1948 genuinam

350 1983 392 2015 ab
410 1983 603 2015 adulterina
620 1993 689 2014 non
707 1982 919 2019 secreverim,
937 1985 998 2014 aut
1016 1980 1157 2014 affectus
1175 1982 1211 2014 in
1236 1982 1426 2025 principem
1444 1983 1493 2016 ita
1510 1984 1659 2027 abripuit

351 2067 389 2094 ut
407 2063 443 2094 in
461 2063 534 2105 ejus
552 2062 699 2105 gratiam
725 2061 912 2094 labeculam
930 2060 1037 2094 ullam
1057 2061 1273 2094 conscientiae
1291 2061 1414 2094 fuerim
1434 2062 1636 2096 inducturus
1652 2074 1660 2098 :
