1905 2746
350 348 388 374 6⁴]

880 340 1129 370 EPITAPHIA

729 439 851 469 Siccine
866 439 1031 469 succubuit

767 497 856 527 Sacri
870 496 1040 526 satellitum
1055 496 1157 536 gregis

721 554 855 585 Sedulus
870 554 922 584 ille
937 554 1024 584 labor

760 612 821 642 Tot
837 622 965 652 egerens
982 610 1146 641 examina?

720 670 842 699 Siccine
858 680 937 699 vena
952 668 1031 709 perit

759 727 852 757 Nunc
868 726 922 756 illa
939 736 1042 756 sacros
1057 725 1177 755 codices

720 784 836 815 Dedita
851 783 1037 825 dulciloquis

755 843 904 873 Lustrare
920 840 1176 872 commentariis?

717 901 822 931 Scotia
836 905 955 930 moesta
970 900 1048 935 dole,

756 958 916 995 Planctus,
934 958 1127 998 Edinburge,
1145 957 1253 987 excita.

719 1016 886 1058 Gymnasii
900 1016 1012 1046 cecidit

756 1075 882 1111 Ἡραῖον,
894 1074 1046 1114 decorque
1061 1073 1171 1113 ingens
1187 1072 1242 1101 tui*

715 1132 804 1162 Talia
819 1138 883 1162 tam
898 1130 1027 1173 propere

758 1190 919 1231 Praerepta
931 1189 1020 1220 nobis
1035 1188 1155 1219 lumina

716 1247 802 1283 Quid
816 1248 878 1277 nisi
894 1247 1036 1277 celsitoni

753 1306 918 1336 Minantur
934 1305 1013 1335 iram
1028 1302 1192 1334 numinis?

714 1364 770 1394 Ille
785 1364 911 1404 quidem
926 1362 1093 1403 lachrymis

755 1422 907 1452 Remotus
923 1421 1004 1450 inter
1020 1420 1136 1450 coelites

715 1479 811 1519 Degit
824 1491 829 1508 :
846 1484 877 1508 at
893 1478 1033 1508 assiduas

755 1537 853 1567 Nobis
868 1536 994 1577 reliquit
1009 1535 1193 1575 lachrymas.

1195 1590 1381 1621 Ronssn'rrs
1399 1589 1594 1618 Pomuxxus,

417 1766 466 1795 DE
485 1776 543 1801 me,
560 1764 658 1805 deque
674 1775 742 1794 meo
758 1764 874 1795 meruit
889 1768 944 1794 tua
959 1764 1056 1793 fratre
1073 1762 1227 1795 voluntas,

458 1823 507 1853 De
524 1829 554 1853 te
570 1833 681 1853 verum
696 1822 790 1852 index
805 1827 840 1852 ut
855 1822 1008 1852 moriente
1023 1821 1143 1861 loquar.

416 1881 584 1911 Nobiscum
600 1881 683 1910 hunc
699 1881 806 1910 orbem
821 1880 918 1910 donec
934 1879 1065 1909 Rolloce
1082 1878 1218 1912 tenebas,

455 1938 605 1969 Mortales
620 1939 702 1969 inter
718 1938 864 1968 Numinis
880 1938 979 1967 instar
995 1948 1074 1967 eras.

415 1997 516 2028 Morte
534 1997 630 2038 (quod
644 1997 785 2038 optabas)
801 1997 884 2027 idem
899 2007 984 2026 nunc
1000 1995 1125 2025 additus
1140 1993 1241 2028 astris,

455 2054 602 2095 Implebis
618 2055 730 2086 merita
744 2055 836 2085 laude
851 2059 1008 2095 superstes
1023 2053 1165 2083 humum.

1248 2107 1290 2137 M.
1309 2107 1348 2136 A.
1366 2106 1589 2136 Rumvmcs,
