1905 2746
336 324 379 354 14
812 319 924 348 VITA
947 319 1008 348 ET
1033 319 1157 349 MORS

342 441 443 465 LOCO
461 432 606 476 insignis
624 435 783 475 assurgat
800 431 907 464 honos
925 432 1017 474 quod
1035 431 1098 463 hac
1122 435 1323 474 tempestate
1346 431 1507 475 lugubria
1524 431 1641 465 Eccle-

340 514 400 546 siae
417 512 615 550 detraxerit,
632 510 772 544 turbata
795 511 838 542 ad
859 510 1045 553 pristinum
1068 514 1198 543 statum
1220 511 1399 549 revocarit,
1417 522 1519 555 cogor
1536 512 1642 556 insig-

339 593 397 624 nia
413 591 562 624 nominis
581 591 654 634 ejus
672 594 873 622 ornamenta
890 590 988 621 silere
1005 600 1043 622 ae
1061 590 1242 621 transilire.
1282 589 1318 622 Si
1336 590 1427 622 enim
1444 590 1536 623 illius
1553 595 1639 623 tem-

339 671 432 714 poris
450 670 630 703 historiam
648 672 871 712 pertexerem‚
888 671 975 700 rotae
992 668 1102 700 instar
1119 668 1273 710 rapidive
1291 669 1441 712 gurgitis
1459 680 1588 713 agerer,
1604 675 1643 702 ut

340 753 376 784 in
394 750 555 794 praesenti
572 748 710 792 negotio
727 747 910 780 consistere
928 747 1116 789 nequirem,
1140 747 1309 790 longeque
1326 747 1586 791 digrediendum
1605 760 1642 781 ac

339 828 584 872 expatiandum
601 826 687 859 milu·
706 825 803 858 foret.

388 909 467 946 Res,
495 907 676 940 ROLLocr
707 906 877 938 continuis
908 906 1045 949 vigiliis,
1076 916 1114 938 ac
1144 906 1320 938 indefessis
1351 906 1524 939 laboribus
1554 918 1644 939 com-

339 989 479 1031 positaS,
512 997 550 1019 ac
583 987 620 1018 in
648 985 834 1028 pristinum
868 988 997 1017 statum
1030 989 1231 1023 remeantes,
1259 985 1452 1028 insequitur
1486 985 1644 1028 Synodus

341 1067 589 1104 Taodunensis,
617 1076 720 1108 quam
747 1065 860 1096 visum
888 1064 977 1107 Regi
1007 1075 1069 1096 sua
1096 1065 1280 1106 praesentia
1309 1075 1441 1097 ornare.
1508 1065 1645 1108 Synodo

342 1146 474 1178 Praeses
492 1145 647 1178 omnium
665 1143 838 1187 suffragiis
866 1143 1077 1175 ROLLOCUS
1095 1143 1305 1187 designatur.
1366 1143 1504 1187 Synodo
1526 1144 1645 1178 Perthi

340 1236 409 1258 non
436 1225 545 1257 multo
579 1228 658 1256 ante
685 1222 813 1260 habita,
846 1233 925 1264 quae
955 1222 1107 1254 severius
1137 1222 1180 1254 ad
1207 1223 1351 1264 speciem
1387 1223 1521 1255 decreta
1554 1224 1647 1255 vide-

341 1304 478 1341 bantur,
501 1303 565 1335 hac
591 1301 812 1334 Taodunensi
838 1300 1071 1344 benigniorem
1097 1301 1382 1334 commentarium
1407 1302 1529 1334 sortita
1555 1308 1645 1335 sunt.

345 1382 499 1426 Flagitat
532 1382 618 1419 Rex,
660 1381 762 1412 vellet
804 1379 962 1422 Synodus
1000 1380 1182 1412 nonnullos
1215 1381 1405 1425 designare,
1447 1382 1506 1423 qui
1548 1392 1647 1414 excu-

342 1462 414 1494 bias
433 1472 495 1504 pro
512 1460 666 1492 Ecclesia
683 1460 855 1496 ducerent,
873 1469 915 1490 ne
939 1459 1022 1501 quid
1040 1469 1079 1490 ea
1095 1459 1291 1491 detrimenti
1313 1464 1456 1502 caperet.
1508 1460 1647 1493 Confes-

343 1543 405 1574 tim
427 1540 570 1583 pedibus
590 1540 660 1571 itur
686 1539 722 1570 in
748 1548 822 1569 eam
848 1538 1053 1570 sententiam
1079 1538 1205 1580 pietate
1232 1549 1270 1570 ac
1294 1539 1478 1580 prudentia
1498 1540 1648 1572 eminen-

344 1621 446 1653 tiores
464 1618 671 1661 deligendos,
689 1618 730 1649 iis
748 1617 960 1659 provinciam
978 1616 1066 1648 hanc
1083 1617 1366 1649 demandandam.
1403 1618 1460 1651 Ex
1477 1619 1531 1651 his
1543 1619 1646 1651 ROL—

345 1705 467 1730 LOCUS
485 1707 584 1728 unus.
638 1695 773 1727 Horum
792 1705 918 1726 munus
932 1695 1095 1736 temporis
1106 1704 1144 1726 ac
1158 1695 1464 1729 administrationis
1482 1698 1572 1729 vallo
1586 1699 1649 1730 cir-

345 1780 560 1818 cimiseptum
573 1774 651 1812 fuit,
664 1774 883 1816 defunctique
897 1773 1049 1805 muneris
1063 1773 1230 1806 rationem
1244 1775 1411 1816 proximae
1426 1774 1563 1818 Synodo
1574 1778 1649 1809 red-

345 1856 464 1888 derent
481 1855 667 1887 decretum.
720 1852 768 1885 Hi
792 1852 992 1890 Ecclesiam,
1016 1853 1169 1884 tumultu
1192 1863 1293 1895 quem
1318 1854 1560 1892 memorabam,
1585 1857 1649 1888 mi-

343 1935 418 1968 sere
435 1937 631 1977 quassatam
657 1932 802 1964 maturis
827 1932 975 1964 consiliis
1002 1942 1039 1964 ac
1064 1932 1195 1974 perpeti
1219 1932 1389 1965 industria
1411 1934 1556 1973 reficere,
1574 1946 1649 1968 sen-

345 2018 477 2059 simque
494 2019 685 2047 restaurare
703 2013 917 2045 adnituntur.

394 2095 497 2128 Anno
516 2095 620 2130 1598.
645 2091 814 2135 praecipiti
831 2091 953 2134 hyeme
979 2092 1119 2135 gravius
1146 2093 1245 2125 solito
1272 2093 1381 2125 morbi
1408 2094 1554 2136 pondere
1571 2105 1648 2138 gra-
