1905 2746
326 323 370 353 32
778 319 889 349 VITA
915 320 975 349 ET
1001 319 1168 348 OBITUS

324 424 387 458 hoc
405 426 508 457 semel
527 424 673 458 Senatus
691 427 905 469 propositum
923 426 1009 459 nihil
1027 426 1156 458 omittit
1170 425 1262 468 quod
1276 425 1317 456 ad
1333 434 1418 467 opus
1434 432 1636 466 promoven-

321 505 405 537 dum
423 510 614 548 spectaret;
634 506 777 538 aedifieia
794 510 892 538 tanto
911 506 1003 548 operi
1022 505 1143 537 idonea
1162 509 1348 547 comparat,
1368 515 1445 547 quae
1460 504 1600 536 deerant
1616 504 1636 535 a

325 584 559 617 fundamentis
570 585 711 623 extruit,
724 585 912 627 prudenter
929 585 1032 617 etiam
1047 589 1145 616 cavet
1156 588 1195 616 ut
1209 585 1325 616 onmia
1338 585 1373 615 in
1388 588 1551 626 promptu
1566 583 1636 614 sint

323 668 402 696 ante
420 664 597 696 ineuntem
615 664 811 701 Octobrem,
829 674 898 706 quo
915 669 1068 705 tempore
1094 663 1322 705 philosophia?
1342 663 1513 696 candidati
1540 673 1575 694 se
1594 662 1635 694 ad

324 741 530 775 Academias
555 742 709 775 conferre
735 743 855 775 solent.

372 821 542 854 Omnibus
557 822 694 854 abunde
707 823 865 865 provisis,
878 823 1071 855 consultare
1088 823 1165 855 dem
1171 821 1229 854 1'1m
1242 823 1344 865 coepit
1360 823 1401 854 de
1418 821 1563 854 Rectore
1577 823 1637 864 qui

322 898 520 933 Academiae
532 905 704 943 praeesset.
733 901 935 934 Innotuerat
942 902 1016 945 jam
1028 902 1218 934 multorum
1228 902 1392 934 relatione
1406 901 1427 932 J
1430 901 1533 934 acobo
1546 901 1637 933 Lau-

324 980 421 1012 sonio
431 979 643 1013 RoLLOCUs
652 985 778 1019 noster,
788 981 848 1024 qui
860 985 894 1013 et
903 981 945 1013 ad
954 991 1032 1013 eum
1045 981 1161 1013 literas
1173 981 1313 1013 miserat
1325 980 1552 1013 humanitatis
1568 982 1637 1022 ple-

322 1070 395 1098 nas,
410 1056 535 1102 quibus
551 1071 629 1093 euni
644 1061 687 1092 ad
705 1061 794 1093 hanc
807 1061 1019 1104 provinciam
1033 1061 1284 1103 suscipiendam
1300 1060 1458 1092 hortatus
1473 1065 1546 1092 erat
1559 1070 1566 1091 :
1584 1060 1638 1092 his

326 1140 467 1172 comiter
481 1144 514 1172 et
528 1140 637 1173 amice
654 1140 830 1183 respondit
849 1140 1022 1178 Rollocus,
1038 1144 1082 1178 et,
1096 1144 1136 1172 ut
1149 1144 1223 1172 erat
1240 1139 1343 1172 homo
1358 1140 1439 1172 vere
1453 1140 1528 1172 aliis
1542 1141 1639 1172 insti-

326 1220 461 1252 tuendis
475 1224 588 1259 natus,
599 1225 799 1264 promptum
811 1231 846 1253 se
858 1226 1085 1263 paratumque
1102 1221 1252 1253 ostendit
1266 1222 1294 1253 si
1309 1221 1453 1253 honesta
1466 1222 1636 1253 accederet

327 1300 469 1332 vocatio.
496 1300 580 1333 Adit
595 1301 710 1343 itaque
721 1299 887 1333 Senatum
899 1300 1093 1333 Lausonius
1107 1298 1218 1344 (cujus
1229 1310 1365 1333 summa
1377 1301 1467 1343 apud
1476 1311 1554 1332 eum
1564 1306 1637 1332 erat

330 1378 536 1421 authoritas)
555 1380 670 1412 edocet
687 1381 823 1412 nullum
843 1380 954 1423 magis
971 1380 1133 1412 idoneum
1151 1381 1205 1412 cui
1223 1378 1421 1412 Academiae
1434 1379 1641 1422 praefectura

333 1459 569 1491 committatur
586 1469 690 1501 quam
713 1458 904 1496 Rollocum,
918 1459 959 1490 de
977 1458 1075 1502 cujus
1094 1458 1249 1490 doctrina
1266 1463 1299 1490 et
1316 1458 1400 1490 vitae
1417 1459 1643 1492 sanctimonia

332 1538 470 1571 abunde
488 1538 552 1570 sibi
571 1543 751 1571 constaret.
794 1538 1001 1571 Decernitur
1018 1537 1183 1570 continuo
1196 1538 1435 1570 aceersendmn
1450 1537 1641 1576 Rollocum,

339 1623 372 1649 et
394 1618 489 1649 electi
513 1618 548 1649 in
573 1628 646 1649 eam
674 1627 746 1649 rem
772 1618 841 1649 duo
862 1618 952 1649 cives
976 1617 1143 1659 primarii,
1166 1618 1225 1659 qui
1247 1616 1484 1659 Andreapolin
1505 1621 1643 1649 conten-

333 1698 429 1728 dunt.
482 1696 511 1728 Ii
530 1694 711 1728 Rollocmn
734 1697 872 1734 adeunt,
895 1706 968 1728 rem
991 1707 1127 1728 omnem
1152 1696 1182 1728 ei
1205 1695 1375 1738 aperiunt,
1392 1695 1577 1728 hortantur
1594 1706 1644 1728 se-

335 1776 387 1807 rio
405 1787 447 1808 ne
466 1776 501 1807 in
520 1780 591 1807 tam
610 1779 727 1807 sancto
745 1775 883 1819 negotio
901 1774 1043 1807 Senatui
1059 1775 1157 1813 desit,
1169 1779 1203 1807 et
1216 1773 1316 1807 facile
1329 1774 1420 1817 quod
1434 1774 1555 1806 volunt
1569 1785 1644 1816 per-

334 1856 487 1886 suadent.
538 1854 688 1887 Veniens
707 1853 952 1898 Edinburgum
972 1854 1133 1886 Rollocus
1152 1853 1317 1886 Senatum
1335 1854 1532 1896 alloquitur,
1550 1852 1644 1885 facil-

336 1936 415 1967 limi·
434 1936 591 1967 intereos
610 1935 769 1967 convenit
787 1944 793 1965 :
820 1933 1062 1977 praefecturam
1082 1933 1278 1966 Academiae
1299 1934 1452 1976 suscipit,
1469 1943 1573 1975 quam
1596 1934 1645 1965 ita

337 2015 442 2055 gessit
461 2015 627 2056 quamdiu
645 2014 733 2046 vixit
751 2018 790 2046 ut
808 2014 894 2046 nihil
918 2023 1070 2056 unquam
1096 2014 1230 2057 majori,
1251 2018 1311 2045 aut
1333 2012 1497 2045 Ecclesiae
1515 2013 1645 2045 emolu-

338 2099 463 2131 mento,
484 2099 544 2126 aut
563 2093 776 2136 Reipublicae
795 2098 996 2125 ornamento
1014 2093 1160 2125 cesserit.
1212 2092 1371 2126 Calendis
1390 2091 1548 2125 Octobris
1563 2092 1645 2123 anni
