1905 2746
687 275 893 305 ROBERTI
918 275 1129 306 ROLLOCI.
1534 283 1580 316 559

272 386 316 418 tis
342 386 426 419 alios
455 386 660 430 sugillando,
688 387 912 425 criminando,
938 387 1088 419 taxando
1113 392 1389 430 aucuparentur:
1418 389 1578 423 hortatus

269 466 372 498 etiam
394 470 434 498 ut
454 465 541 498 nihil
568 465 750 508 opinionis,
777 466 893 499 omnia
918 467 1134 499 conscientiae
1157 471 1258 511 grata
1282 472 1436 511 agerent.
1489 470 1581 503 Huic

267 551 338 578 tam
355 544 524 578 indefesso
547 546 662 578 studio
687 551 722 579 et
747 544 923 579 immensis
950 546 1123 580 laboribus
1149 547 1199 580 ita
1224 546 1399 580 benedixit
1421 548 1516 581 Deus
1539 555 1579 582 ut

265 625 432 668 plurimos
458 626 576 668 paucis
601 626 701 658 annis
727 626 771 659 ad
796 637 923 659 munus
952 627 1122 669 pastorale
1152 627 1353 670 propulerit,
1384 628 1421 660 in
1451 628 1577 671 quibus

264 705 500 738 sanctimoniae
518 709 552 737 et
572 705 774 738 eruditionis
792 716 865 738 suae
883 706 963 738 viva
980 706 1107 750 effigies
1125 707 1282 739 eluceret.

313 783 371 816 Ad
389 784 451 816 hos
468 783 601 817 labores
619 788 716 817 tanta
733 784 905 817 industria
922 786 1114 818 exantlatos
1132 785 1311 819 accedebat
1325 790 1358 819 et
1373 787 1471 826 alim,
1489 789 1581 830 quod

266 874 343 896 cuni
358 863 489 896 videret
502 864 538 895 in
557 864 695 906 templo,
709 863 802 906 quod
816 862 957 896 Novum
969 868 1122 902 vocatur,
1142 864 1317 908 ingentem
1332 875 1467 898 summo
1481 876 1581 899 mane

264 943 445 975 convenire
462 942 721 975 multitudinem
738 942 856 985 populi
873 952 881 981 ;
909 943 1015 975 nollet
1033 953 1123 981 eum,
1143 947 1184 975 ut
1202 943 1341 981 solebat,
1360 944 1509 977 otiosum
1530 956 1580 977 se-

263 1022 352 1060 dere,
378 1022 437 1055 sed
464 1022 575 1063 (tanta
600 1022 777 1054 hominem
799 1022 882 1054 alios
907 1022 944 1054 in
965 1022 1022 1054 via
1046 1021 1189 1055 Domini
1213 1023 1417 1056 instituendi
1442 1024 1580 1058 incessit

262 1101 399 1145 cupido)
418 1101 563 1145 singulis
581 1101 702 1134 diebus
720 1101 911 1134 Dominicis
929 1101 1015 1134 hora
1036 1103 1184 1145 septima
1201 1103 1374 1136 matutina
1398 1101 1503 1146 (quod
1521 1115 1580 1137 an-

263 1184 360 1216 tehac
378 1183 575 1228 Edinburgi
592 1194 773 1227 nunquam
790 1183 1000 1228 factitatum)
1016 1186 1129 1228 palam
1145 1186 1338 1219 concionari
1356 1187 1469 1230 coepit,
1483 1192 1580 1220 tanta

262 1264 412 1307 Spiritus
419 1268 452 1296 et
464 1264 627 1307 potentiae
639 1263 940 1302 demonstratione,
947 1268 1044 1297 tanto
1056 1265 1305 1298 sententiarum
1317 1266 1476 1308 pondere,
1484 1270 1580 1299 tanta

262 1343 446 1376 verborum
463 1344 635 1388 gravitate
653 1348 693 1376 ut
710 1344 954 1387 plerorumque
971 1348 1102 1377 mentes
1118 1344 1245 1377 coelesti
1259 1345 1333 1377 luce
1346 1345 1578 1388 perfunderet,

261 1422 403 1455 affectus
431 1426 656 1465 permoveret,
683 1432 801 1455 omnes
827 1423 863 1455 in
889 1423 943 1455 sui
969 1423 1233 1456 admirationem
1260 1429 1405 1467 raperet.
1456 1424 1578 1468 Neque

262 1503 354 1535 enim
373 1502 499 1546 vulgus
517 1506 654 1534 tantum
672 1502 792 1540 movit,
810 1502 870 1534 sed
887 1506 921 1534 et
938 1502 1112 1534 eruditum
1138 1502 1318 1535 hominum
1335 1514 1444 1547 genus
1462 1504 1510 1536 sic
1527 1504 1577 1537 af-

262 1581 342 1615 fecit
365 1586 405 1614 ut
431 1591 558 1614 novam
581 1582 691 1613 lucem
716 1581 752 1614 in
773 1580 946 1614 mentibus
972 1582 1043 1614 suis
1069 1582 1216 1621 accendi,
1240 1593 1347 1615 novos
1375 1583 1514 1616 affectus
1538 1585 1574 1617 in

262 1661 420 1695 cordibus
438 1661 579 1694 formari
598 1672 668 1694 non
686 1660 827 1694 obscure
845 1662 1012 1694 sentirent
1030 1672 1069 1694 ac
1091 1661 1345 1705 profiterentur.

311 1741 501 1784 Postquam
524 1742 573 1774 sic
596 1740 828 1773 concionando
852 1739 1054 1773 absoluisset
1071 1739 1232 1784 Apostoli
1255 1740 1356 1774 Pauli
1380 1740 1575 1785 Epistolam

263 1821 306 1854 ad
329 1820 510 1864 Ephesios,
534 1820 671 1864 scripsit
697 1820 733 1853 in
756 1831 832 1853 eam
853 1821 1138 1853 commentarium
1162 1821 1221 1863 qui
1248 1821 1340 1864 typis
1361 1831 1505 1854 excusus
1523 1827 1574 1854 est

263 1911 353 1933 auno
373 1901 476 1936 1590.
526 1899 659 1932 Eodem
676 1898 749 1932 fere
766 1904 919 1943 tempore
940 1900 977 1932 in
994 1898 1182 1932 Academia
1207 1899 1382 1942 discipulis
1400 1900 1471 1932 suis
1488 1900 1574 1942 pub-

262 1978 326 2012 lice
340 1979 459 2012 diebus
473 1978 585 2012 Lunae
602 1979 760 2023 praelegit
776 1978 972 2021 Epistolam
986 1979 1139 2022 ejusdem
1153 1977 1313 2021 Apostoli
1327 1979 1369 2010 ad
1387 1978 1573 2018 Romanos,

262 2060 365 2103 inque
383 2070 458 2092 eam
476 2058 582 2091 edidit
595 2059 752 2102 analysin
769 2059 926 2103 logicam,
940 2058 1119 2103 interjecto
1137 2058 1241 2091 etiam
1257 2056 1444 2098 (occasione
1457 2069 1571 2093 aureae
