1905 2746
796 338 1002 368 ROBERTI
1029 339 1239 368 ROLLOCI.
1586 342 1630 376 49

314 453 411 490 mihi,
435 452 699 494 Academiaeque
725 452 981 494 praeficiendmn
1007 463 1173 490 censeam,
1197 453 1339 485 incuriae
1365 453 1533 485 maculam
1561 463 1628 484 11011

315 534 510 578 effugerem.
551 534 643 572 Quid
661 534 785 566 attinet
802 538 936 566 exteras
954 534 1109 577 regiones
1128 534 1321 577 pervagari,
1339 535 1558 577 peregrinum
1577 545 1628 567 as-

314 613 436 645 ciscere
453 613 513 656 qui
532 613 612 645 huie
630 611 818 656 provinciae
836 613 965 656 praesit,
984 623 1085 655 quem
1105 613 1242 645 interim
1261 613 1417 645 doctrina
1435 613 1629 655 disciplina-

310 703 376 735 que
394 693 498 737 hujus
516 692 714 725 Academiae
732 694 835 725 lateat
851 692 866 724 ἶ)
901 692 1004 725 Domi
1020 693 1134 725 virum
1153 694 1398 736 locupletatum
1414 693 1511 725 donis
1530 703 1568 725 ac
1586 694 1627 725 ad

313 782 440 804 munus
465 771 529 804 hoc
553 772 761 804 instructum
786 771 930 809 habetis,
959 771 1186 804 HENMCUM
1213 772 1540 810 Cmnwmsmm,
1567 774 1631 815 qui

313 852 541 885 eruditionem
566 862 620 884 me
642 855 853 894 praeceptore
872 851 1045 885 uberrime
1063 851 1189 890 hausit,
1208 857 1241 885 et
1259 852 1460 895 professoris
1479 852 1629 895 philoso-

315 932 407 974 phiae
425 942 566 964 munere
583 931 661 973 plus
680 930 844 962 decennio
863 931 1001 974 egregia
1015 941 1092 963 cum
1107 931 1207 964 laude
1221 931 1421 974 perfunctus
1435 937 1496 965 est.
1525 932 1629 964 Hunc

316 1021 376 1043 vos
395 1012 431 1043 in
449 1010 648 1043 Academiae
668 1009 775 1052 puppi
793 1009 914 1047 sistite,
938 1010 1080 1053 ejusque
1101 1011 1197 1043 clavo
1221 1012 1392 1054 apponite.
1444 1011 1556 1044 Deum
1579 1013 1628 1044 illi

311 1091 500 1133 propitium
514 1090 657 1134 ejusque
670 1088 844 1121 laboribus
859 1088 1116 1123 benedicentem
1131 1091 1356 1133 conspicietis.
1385 1089 1458 1124 Vos
1474 1091 1569 1124 decet
1588 1102 1629 1123 ex

310 1174 418 1206 officio
429 1172 627 1206 Academiae
641 1173 848 1207 Maecenates
863 1184 901 1206 ac
915 1178 1078 1216 patronos
1092 1183 1164 1205 esse
1180 1182 1188 1203 ε
1207 1171 1333 1210 Altior,
1347 1182 1475 1214 quaeso,
1490 1172 1564 1215 ejus
1579 1183 1631 1204 so-

309 1253 450 1285 licitudo
467 1253 600 1285 animos
619 1257 751 1285 vestros
770 1252 899 1285 subeat.
935 1251 988 1284 De
1006 1251 1200 1283 domesticis
1218 1251 1303 1294 quid
1321 1250 1459 1283 dicam?
1487 1262 1629 1283 uxorem

308 1335 426 1366 desero
443 1338 582 1366 uterum
600 1332 767 1365 ferentem
783 1342 790 1364 z
817 1343 926 1365 unum
945 1343 965 1364 a
984 1331 1080 1364 vobis
1101 1342 1318 1374 summopere
1336 1332 1504 1364 contendo
1520 1342 1528 1368 ;
1556 1342 1631 1364 seu-

312 1415 376 1445 tiat
395 1414 453 1445 illa
471 1423 622 1445 amorem
643 1423 711 1455 quo
730 1423 864 1455 semper
880 1423 935 1444 me
952 1412 1101 1454 amplexi
1120 1412 1201 1444 estis
1219 1412 1370 1444 extincto
1388 1422 1443 1444 me
1466 1423 1535 1444 non
1553 1423 1631 1444 exa-

311 1494 429 1526 ruisse.
464 1491 654 1535 Nunquam
673 1492 759 1524 mihi
777 1492 848 1524 dies
867 1496 927 1524 aut
944 1502 1013 1523 nox
1031 1491 1245 1535 aegritudinis
1263 1502 1383 1534 expers
1399 1500 1406 1522 τ
1431 1492 1489 1524 illa
1506 1502 1560 1524 me
1579 1497 1628 1525 tot

310 1572 510 1605 morborum
528 1570 785 1604 difficultatibus
803 1576 1005 1614 quassatum
1024 1571 1176 1603 suaviter
1191 1581 1324 1613 semper
1341 1570 1429 1603 fovit
1447 1581 1485 1603 ac
1498 1571 1630 1604 refocil-

309 1654 403 1685 lavit.
431 1651 588 1696 Ingenue
606 1651 769 1694 profiteor
787 1661 828 1683 ex
847 1650 1006 1683 omnibus
1026 1650 1205 1693 stipendiis
1224 1650 1308 1683 meis
1327 1661 1396 1682 non
1415 1661 1629 1684 coacervasse

308 1744 362 1765 me
376 1732 491 1765 obolos
503 1732 588 1764 duos
604 1742 613 1770 ς
640 1741 817 1773 nunquam
837 1731 929 1763 enim
947 1730 1033 1763 mihi
1052 1731 1144 1763 cordi
1163 1735 1224 1763 aut
1241 1741 1333 1763 curae
1351 1731 1527 1763 mundana
1544 1731 1627 1764 haec.

307 1812 399 1850 Quid
413 1812 523 1844 multa
536 1810 640 1844 verba
654 1811 829 1853 perderem
847 1819 854 1841 ε
872 1821 925 1848 ne,
939 1821 1068 1852 quaeso,
1086 1809 1227 1842 affectus
1246 1815 1358 1842 vester
1376 1811 1410 1842 in
1429 1822 1483 1843 me
1501 1812 1628 1842 claudi-

308 1898 359 1924 cet
378 1893 413 1924 in
431 1892 535 1924 eam.’'
581 1891 809 1935 Magistratus
829 1896 1070 1933 senatoresque
1088 1890 1219 1922 solenni
1237 1890 1406 1932 promisso
1423 1890 1523 1922 fidem
1544 1891 1625 1923 dant

309 1972 460 2004 factiu'os
474 1982 509 2004 se
520 1972 636 2004 omnia
647 1982 688 2003 ex
703 1971 809 2003 animi
822 1970 930 2013 ipsius
945 1970 1123 2002 sententia.
1153 1968 1365 2002 Professores
1380 1970 1501 2002 deinde
1519 1970 1628 2013 philo-

310 2051 440 2093 sophiae
453 2051 494 2083 ad
508 2051 730 2093 perstandum
743 2050 778 2082 in
791 2049 909 2087 officio,
921 2049 1143 2091 debitumque
1155 2050 1339 2081 successori
1351 2060 1413 2082 suo
1425 2049 1626 2092 obsequium

311 2132 480 2164 hortatur.
518 2131 584 2163 His
598 2131 755 2173 peractis,
771 2130 875 2163 verba
889 2130 1016 2173 insigni
1031 2130 1257 2162 sanctimonia
1275 2130 1412 2162 condita
1429 2129 1605 2172 profundit
1620 2143 1625 2162 z

951 2202 973 2225 o
