1905 2746
334 320 379 350 22
813 315 923 344 VITA
947 315 1008 344 ET
1032 314 1154 344 MORS

338 430 420 462 lutis
437 428 595 461 omnibus
612 429 672 472 qui
691 430 833 462 aderant
858 430 894 462 in
920 439 1042 472 genua,
1060 438 1174 470 preces
1197 427 1343 460 celebrat
1361 426 1636 470 Balcanquellus.

341 509 436 542 Inter
454 510 585 552 reliqua
598 509 741 554 flagitat,
754 511 855 543 vellet
872 509 966 541 Deus
984 508 1072 540 tanti
1086 508 1152 540 viri
1166 508 1415 540 diuturniorem
1429 520 1569 541 usuram
1588 510 1639 542 in-

338 590 487 633 dulgere,
513 600 590 622 cum
617 589 780 622 Ecclesiae
798 601 836 622 ac
864 588 1075 631 Reipublicae
1093 589 1184 620 salus
1201 592 1378 631 tantopere
1395 600 1469 621 eam
1488 595 1638 632 poscant.

340 669 394 701 Sic
412 674 566 702 orantem
584 671 789 712 interpellat,
807 670 922 706 satias,
940 669 1064 711 inquit,
1081 668 1167 700 mihi
1184 668 1288 711 hujus
1306 669 1399 707 vitae,
1413 670 1511 701 unice
1528 670 1564 702 in
1582 680 1640 702 vo-

338 751 381 782 tis
411 751 495 782 meis
525 750 633 782 habeo
662 751 770 782 vitam
794 750 960 782 coelestem
992 758 1069 780 cum
1097 747 1170 780 Deo
1196 748 1232 779 in
1258 747 1396 782 Christo
1422 751 1640 783 reconditam.

340 830 594 862 Consummatis
618 830 774 873 precibus
792 831 827 862 in
846 829 941 862 verbi
965 828 1141 871 praedicati
1167 828 1315 862 illustria
1332 831 1485 862 encomia
1502 832 1641 863 resolvi-

342 915 421 942 tur:
448 910 613 949 Verbum,
631 911 754 953 inquit,
772 912 855 948 vita,
879 921 981 949 mors,
1004 922 1065 944 nec
1082 913 1152 944 ulla
1173 912 1234 943 ulli
1259 911 1385 953 absque
1408 911 1509 943 verbo
1527 913 1618 944 salus
1635 920 1641 942 :

342 1002 409 1023 non
436 995 497 1029 est,
515 991 640 1022 credite
665 990 760 1028 mihi,
784 990 877 1023 flocci
900 993 1076 1035 negotium
1099 992 1242 1024 verbum
1268 992 1478 1034 praedicare:
1505 993 1644 1034 perinde

341 1082 409 1103 non
427 1076 478 1103 est
495 1082 533 1103 ac
551 1070 714 1109 Platonis,
733 1071 973 1104 Aristotelisve
987 1076 1120 1104 textum
1134 1072 1363 1114 interpretari,
1379 1076 1439 1104 aut
1453 1073 1640 1105 orationem

342 1152 526 1195 pigmentis
545 1162 583 1182 ac
600 1151 766 1183 lenocinio
787 1153 952 1185 sermonis
971 1152 1113 1185 oblitam
1131 1157 1331 1185 contexere:
1350 1153 1385 1185 in
1409 1154 1643 1191 sanctimonia,

342 1232 547 1269 humilitate,
565 1232 689 1264 efficaci
706 1233 848 1274 spiritus
867 1233 1157 1265 demonstratione
1175 1233 1280 1265 situm
1299 1237 1349 1265 est
1367 1233 1461 1265 verbi
1480 1234 1644 1275 praeconi-

343 1322 424 1344 um:
450 1313 570 1355 quanti
590 1313 675 1344 illud
697 1323 829 1355 semper
853 1312 990 1345 fecerim
1008 1314 1104 1345 testis
1128 1312 1233 1345 Deus.
1284 1294 1375 1345 Dein
1397 1314 1439 1344 ad
1462 1323 1575 1355 preces
1594 1324 1644 1345 re-

345 1394 499 1431 vertitur,
517 1393 616 1431 Veni,
634 1394 757 1436 inquit,
775 1393 922 1425 Domine
939 1393 961 1425 J
964 1405 1034 1431 esu,
1048 1394 1171 1426 horum
1186 1395 1360 1426 oculorum
1376 1404 1498 1426 nervos
1512 1405 1643 1436 rumpe,

344 1475 426 1506 alios
445 1474 529 1506 mihi
547 1474 672 1517 largire
687 1484 694 1505 :
721 1474 820 1515 cupio
838 1474 988 1512 dissolvi,
1003 1485 1041 1506 ac
1058 1479 1171 1506 tecum
1189 1485 1272 1511 esse,
1290 1478 1427 1507 matura
1444 1475 1561 1507 venire
1576 1474 1644 1507 Do-

345 1556 436 1586 mine
461 1554 555 1591 Jesu,
581 1565 624 1585 ne
649 1555 741 1586 ultra
766 1553 886 1586 differ:
917 1555 1075 1598 egredere
1100 1556 1225 1597 pusilla
1251 1555 1332 1593 vita,
1363 1560 1402 1587 ut
1432 1556 1644 1599 ingrediatur

344 1635 464 1667 melior
481 1635 539 1666 illa
557 1635 627 1666 vita
646 1634 730 1666 Dei:
757 1635 866 1666 insere
885 1635 1031 1667 Domine
1044 1635 1066 1666 J
1068 1646 1128 1667 esu
1145 1635 1225 1667 huic
1238 1636 1370 1677 corpori
1388 1646 1528 1668 manum
1547 1642 1641 1668 tuam

345 1715 456 1757 arripe
473 1714 536 1747 tibi
554 1715 703 1746 animam
720 1716 830 1747 istam.

394 1794 451 1827 Ad
469 1794 633 1827 Sabbathi
648 1805 807 1827 auroram
821 1805 929 1838 usque
942 1797 1050 1828 altum
1065 1789 1113 1828 ilii
1128 1797 1313 1835 silentium,
1328 1797 1418 1839 quod
1432 1797 1569 1829 tandem
1584 1797 1647 1829 hoc

346 1886 500 1908 sermone
511 1875 659 1917 abrupit,
671 1874 760 1907 Veni
774 1875 931 1914 Domine,
945 1888 987 1909 ne
1000 1888 1148 1910 morare:
1163 1877 1229 1909 diei
1244 1877 1419 1920 noctisque
1432 1877 1570 1910 fastidio
1583 1879 1648 1911 las-

347 1967 404 1988 sus
422 1966 509 1993 sum,
528 1956 606 1988 veni
624 1955 771 1988 Domine
788 1955 810 1987 J
812 1967 872 1988 esu
889 1961 928 1989 ut
945 1958 987 1989 ad
1011 1962 1044 1989 te
1067 1958 1212 1990 veniam.
1263 1958 1295 1990 O
1312 1958 1419 1995 dulce,
1441 1957 1593 1990 faustum
1611 1969 1649 1991 ac

351 2036 431 2068 felix
450 2037 531 2068 vitae
549 2036 653 2079 hujus
670 2036 869 2075 divortium,
898 2038 975 2069 veni
999 2037 1147 2070 Domine
1164 2038 1306 2070 dulcedo
1330 2048 1416 2076 mea,
1434 2038 1649 2081 emancipato

351 2117 500 2148 animam
519 2116 606 2150 hanc
623 2121 663 2149 ut
680 2122 713 2149 te
731 2117 854 2149 marito
872 2127 934 2149 suo
951 2117 1097 2156 fruatur,
1116 2129 1173 2151 cor
1190 2118 1281 2150 istud
1294 2129 1408 2151 meum
1423 2118 1595 2161 bipartire,
1610 2123 1648 2151 ut
