1905 2746
686 294 894 324 ROBERTI
919 295 1130 325 ROLLOCI.
1516 298 1561 328 45

251 405 413 438 Gulielmi
428 405 518 438 Scoti
534 404 646 449 (cujus
663 405 764 438 fidem
778 412 812 438 et
826 406 1097 438 benevolentiam
1115 417 1197 450 erga
1214 416 1249 438 se
1265 407 1426 439 eximiam
1441 408 1558 440 multis

247 486 320 528 jam
348 485 591 528 experimentis
615 485 793 529 didicerat)
821 483 911 518 serio
939 486 1164 518 commendat.
1217 484 1385 529 Ingressis
1411 487 1454 519 ad
1479 498 1556 520 eum

252 564 448 596 PA'rmeIo
467 563 725 596 GALLOVIDIO
743 568 777 596 et
794 564 956 597 DAva
975 564 1186 597 LYNDESIO
1205 575 1356 597 amorem
1382 566 1417 597 in
1435 566 1559 608 princi-

251 654 326 685 pem
345 643 405 686 qui
427 654 561 686 semper
582 644 655 687 ejus
674 644 790 676 animo
808 643 1008 676 medullitus
1026 644 1207 676 insedisset
1224 648 1380 682 testatus,
1398 645 1435 677 in
1453 656 1559 688 eoque

249 732 285 753 se
306 721 379 754 vita
400 732 619 754 excessurum
643 721 827 764 professus,
850 721 985 766 flagitat
1002 723 1109 766 ipsius
1128 724 1265 755 nomine
1288 734 1403 767 regem
1424 725 1558 763 adeant,

250 801 510 844 hortenturque,
527 806 567 834 ut
583 802 759 846 religionis
773 802 946 834 tramitem
962 813 1064 845 quem
1081 802 1248 835 inoffenso
1261 813 1364 835 cursu
1382 803 1558 846 hucusque

249 881 437 922 pressisset,
455 881 566 925 gradu
589 891 659 913 non
677 881 858 913 vacillante
881 882 924 913 ad
942 881 1105 913 ultimum
1124 882 1206 914 vitae
1224 882 1386 925 spiritum
1404 884 1559 922 calcaret,

250 969 359 1002 neque
377 970 436 1002 spe
453 960 524 991 ulla
542 960 774 1003 amplificandi
792 961 901 1004 regni,
925 965 986 993 aut
1009 965 1242 994 veteratorum
1260 961 1411 994 subdolis
1429 963 1560 995 technis

249 1050 284 1071 se
304 1039 347 1071 ab
364 1050 403 1071 eo
421 1040 536 1071 divelli
555 1044 741 1082 pateretur,
767 1040 808 1072 de
826 1039 990 1072 Ecclesiae
1013 1040 1207 1083 pastoribus
1234 1052 1302 1083 qua
1324 1052 1387 1083 par
1404 1046 1492 1074 esset
1510 1053 1561 1074 re-

250 1119 404 1151 verentia
425 1119 567 1151 sentiret
589 1123 623 1152 et
644 1119 851 1162 loqueretur.
903 1122 922 1136 ‘⁵
941 1119 1033 1151 Illud
1055 1119 1146 1151 enim
1165 1119 1296 1152 Christi
1321 1121 1562 1159 ministerium,

249 1198 472 1239 quantumvis
486 1197 639 1230 humano
656 1198 784 1230 calculo
802 1197 973 1242 abjectum
992 1202 1026 1230 et
1047 1198 1188 1237 humile,
1206 1199 1297 1241 apud
1316 1199 1430 1231 Deum
1448 1204 1564 1233 tamen

249 1287 320 1309 esse
337 1277 526 1320 gloriosum
542 1286 549 1308 :
577 1276 736 1309 Pastores
754 1277 832 1309 licet
850 1280 996 1309 testacea
1014 1277 1084 1309 sint
1101 1278 1250 1315 vascula,
1275 1278 1431 1310 omnium
1448 1279 1564 1311 sordes

249 1362 283 1388 et
308 1359 537 1399 purgamenta
568 1356 699 1394 mundi,
726 1356 852 1389 illustri
879 1357 1018 1389 tandem
1044 1357 1155 1400 gloria
1180 1356 1361 1390 fulsuros.”
1411 1357 1563 1402 Ingressi

250 1436 407 1479 deinceps
422 1440 575 1478 pastores
589 1435 843 1480 Edinburgeni,
856 1436 981 1479 quibus
995 1436 1226 1469 assidentibus
1245 1437 1293 1469 sic
1306 1437 1392 1470 infit.
1420 1441 1439 1455 “
1450 1437 1565 1482 AEgri-

251 1515 381 1547 tudinis
399 1516 487 1547 mole
505 1515 614 1547 lassus
632 1515 716 1547 vitae
733 1514 838 1559 hujus
856 1515 986 1547 exitum
1001 1514 1165 1547 anhelans
1180 1515 1272 1558 spiro
1289 1526 1328 1548 ac
1344 1526 1453 1558 spero.
1480 1516 1561 1550 Non

250 1596 297 1627 sic
316 1594 494 1627 Christum
512 1595 615 1627 didici
639 1599 699 1627 aut
722 1595 822 1627 docui
845 1594 930 1637 quin
952 1595 989 1626 in
1011 1605 1050 1626 eo
1068 1594 1193 1626 harum
1216 1605 1452 1628 {erumnarum
1470 1597 1561 1629 leva-

251 1679 406 1706 mentum
423 1674 579 1706 sentiam.
631 1672 826 1706 Academiae
843 1684 935 1711 cura,
952 1672 1088 1711 fratres,
1109 1672 1277 1706 altissime
1294 1684 1428 1716 semper
1445 1676 1560 1708 animo

251 1764 326 1785 meo
343 1754 469 1786 insedit
484 1763 492 1785 τ
518 1757 648 1796 quanta
665 1763 729 1797 ego
746 1763 821 1785 eam
838 1752 903 1785 fide
926 1763 964 1784 ac
987 1752 1158 1784 industria
1175 1751 1447 1786 administrarim
1465 1756 1561 1787 testis

252 1838 303 1865 est
321 1832 426 1871 Deus,
450 1843 512 1877 ego
536 1833 622 1865 mihi
646 1832 753 1876 probe
776 1832 930 1864 conscius
948 1842 1047 1864 sum:
1074 1836 1244 1874 quantum
1266 1843 1307 1864 ex
1329 1844 1368 1864 ea
1390 1834 1426 1865 in
1445 1833 1561 1866 Eccle-

250 1912 336 1945 siam
354 1916 387 1944 et
405 1911 666 1955 Rempublicam
683 1913 953 1945 emolumentum
971 1909 1183 1949 redundarit,
1205 1921 1265 1944 vos
1287 1916 1399 1944 testes.
1450 1912 1560 1946 Rum-

252 1993 401 2035 pendum
420 2003 501 2024 mox
515 1993 597 2024 vitae
615 2003 701 2025 meae
718 1992 825 2030 filum,
843 1991 1152 2036 trajiciendumque
1174 1990 1260 2022 mihi
1278 1991 1314 2023 in
1332 1991 1481 2033 patriam
1498 1993 1558 2026 diu

252 2073 469 2115 multumque
483 2071 634 2114 cupitam
649 2083 656 2104 ε
675 2082 717 2104 ne
731 2082 848 2114 quaeso
866 2082 920 2103 me
938 2071 1027 2103 vivis
1041 2074 1199 2113 exempto
1216 2070 1318 2103 nimis
1336 2071 1453 2104 amare
1470 2071 1558 2105 orbi-
