1905 2746
286 330 325 355 (35

813 327 1062 357 EPITAPHIA

373 483 519 516 Srnfflm,
537 491 608 510 eum
624 490 773 520 superum
787 480 948 521 applausu,
965 491 1065 510 novus
1081 481 1183 510 incola
1199 481 1318 510 scandit

414 538 574 574 Rollocus,
592 544 621 568 et
637 538 694 568 fati
708 537 775 578 lege
791 538 936 568 Minister
950 539 1023 568 obit.

374 597 468 626 Hunc
484 597 580 632 labor,
598 596 770 636 ingenium,
788 596 934 636 probitas,
952 596 1125 636 vigilantia,
1144 596 1272 625 charum

418 655 532 685 Fecere
549 655 581 684 in
597 654 662 683 vita
677 654 797 683 civibus
814 665 879 683 esse
895 653 969 683 suis.

376 713 450 742 Post
467 718 609 747 mortem,
627 711 724 752 pietas
740 711 847 741 docuit
863 710 1075 741 transmittere
1092 711 1198 741 nubes.

417 771 554 800 Sineerae
571 771 626 799 llos
642 770 763 800 fructus
779 769 966 809 Relligionis
982 769 1083 799 habet.

375 832 492 870 Sparge
508 829 604 869 igit-ur
619 828 722 865 flores,
740 833 770 858 et
785 828 860 858 fletu
877 838 967 868 parce
983 827 1083 857 viator
1098 838 1103 854 ;

415 887 475 916 Fui
492 887 579 917 Deus
595 887 650 916 lios
666 891 754 917 artus
770 885 909 922 abstulit,
927 891 1011 915 astra
1027 885 1120 915 dedit.

1099 943 1138 972 G.
1156 943 1381 972 Dmmssffs.

370 1059 449 1088 Dru
467 1059 548 1087 xires
564 1063 709 1093 ostentat,
728 1062 757 1087 et
774 1057 806 1086 iu
823 1056 982 1086 terrestria
998 1061 1133 1085 vastum.

413 1117 578 1147 Terrorem
595 1116 663 1145 vult
679 1126 763 1145 mors
779 1115 919 1155 ingerere
935 1119 1003 1144 atra
1018 1114 1066 1143 sui
1079 1126 1084 1142 z

372 1175 539 1205 Rolloeum
555 1174 676 1203 invadit
691 1173 763 1203 vitae
781 1173 950 1212 mortisque
966 1172 1150 1212 magistrum
1165 1184 1171 1200 1

414 1233 456 1262 Et
471 1233 521 1273 pia
537 1232 663 1272 lugubri
679 1232 735 1261 sub
752 1231 827 1272 pede
844 1230 923 1260 eolla
938 1230 1059 1270 premit.

374 1291 423 1320 'Nil
442 1290 517 1331 agis,
535 1290 553 1317 ὃ
569 1289 764 1320 truculenta:
782 1289 865 1329 paris
881 1299 936 1328 pro
959 1288 1067 1317 funere
1083 1287 1178 1316 vitam
1195 1300 1199 1316 :

415 1349 485 1379 Non
501 1349 634 1378 moritur
649 1359 741 1388 quem
758 1358 841 1377 mors
857 1346 896 1376 ad
912 1346 1040 1375 meliora
1055 1345 1145 1385 rapit.

875 1462 998 1492 Amor).

375 1522 524 1552 DssLleIAE
541 1521 668 1550 humani
684 1520 815 1560 generis,
834 1520 993 1556 Rollocus,
1011 1520 1112 1559 imago

416 1580 555 1609 Maxima
571 1579 736 1614 mansueti,
754 1589 847 1618 quam
863 1578 952 1607 (locet
968 1578 1042 1618 ipse,
1060 1578 1130 1607 Dei.

375 1638 477 1673 Quem
493 1637 619 1667 doctum
636 1637 801 1672 mirantur,
818 1641 926 1666 amant
941 1636 1120 1675 mitemque,
1138 1636 1314 1675 bonumque

416 1696 500 1725 Cum
516 1694 631 1735 populo
646 1705 797 1735 proceres,
815 1694 945 1733 Rexque
964 1695 1134 1733 l'atresque
1150 1694 1209 1733 pio,

378 1755 458 1783 Ante
475 1753 557 1783 diem
572 1752 672 1793 primo
688 1752 771 1781 cadit
786 1751 974 1781 immaturus
989 1751 1022 1780 in
1038 1761 1104 1780 {evo
1118 1762 1124 1779 :

416 1811 440 1841 F
443 1816 597 1841 rustratus
613 1810 720 1850 patriae
736 1814 867 1849 votaque
883 1819 1031 1849 spemque
1046 1819 1119 1838 suae.

377 1870 458 1905 Heu,
475 1868 544 1909 quis
559 1879 622 1898 non
639 1868 746 1898 timeat
761 1872 895 1897 mortem
911 1866 1124 1906 tetricamque,
1143 1872 1322 1906 trucemque

417 1928 549 1957 Parcere
565 1926 591 1956 si
607 1926 715 1962 doctis,
733 1926 759 1955 si
774 1930 869 1966 negat
883 1925 939 1954 illa
953 1925 1050 1955 bonis.

378 1986 418 2015 At
434 1986 502 2026 quis
515 1996 598 2015 nunc
614 1985 722 2015 timeat
738 1989 879 2019 mortem,
897 1983 945 2013 vel
963 1994 1044 2013 saeva
1060 1983 1230 2012 minantem
1241 1983 1253 2011 ζ’

420 2044 554 2074 Perdere
570 2044 595 2073 si
611 2043 727 2079 doctos,
745 2043 770 2072 si
786 2042 893 2082 nequit
910 2041 964 2071 illa
978 2042 1082 2072 bonos.
