1905 2746
281 325 327 356 50
695 321 809 351 VITA
831 321 893 351 ET
917 320 1086 351 OBITUS

281 434 382 467 “Deo
393 445 478 473 meo,
485 435 609 478 inquit,
616 434 740 479 gratia,
748 435 924 473 memoria,
931 434 1037 472 visus,
1043 432 1390 476 auditus,re1iquique
1401 440 1520 464 sensus
1530 430 1597 462 mei

282 520 353 548 tam
367 517 513 555 vivaces,
531 520 603 549 tam
616 516 730 561 vegeti
744 515 849 559 quam
867 516 950 548 alias
968 524 1144 558 unquain3
1167 518 1221 547 ast
1238 514 1281 547 ab
1298 514 1362 546 hoc
1375 512 1505 545 mundo
1519 511 1598 544 alie-

283 599 404 628 natum
425 606 482 628 cor
495 606 623 634 meum,
641 600 675 633 et
688 605 855 639 quorsum
868 594 1017 627 Domine
1030 593 1053 626 J
1055 605 1126 632 esu,
1143 594 1243 626 corde
1260 604 1336 626 meo
1353 603 1423 626 non
1435 591 1597 625 fruereris

284 675 338 708 cui
356 675 419 708 soli
437 675 473 707 in
491 675 573 707 illud
588 675 648 719 jus
662 673 678 706 t>
730 673 772 706 In
790 673 854 706 hoc
871 684 932 715 per
951 676 1061 706 totam
1079 673 1188 705 vitam
1209 672 1349 705 incubui
1369 675 1409 704 ut
1429 671 1514 704 illud
1535 670 1598 703 tibi

284 754 432 787 dicarem
446 764 484 786 ac
497 761 749 786 consecrarem:
774 753 860 785 illud
873 763 991 795 quaeso
1003 762 1138 784 assume
1156 756 1196 784 ut
1212 756 1326 784 tecum
1340 750 1597 783 commoretur.”

287 833 374 866 Haec
387 834 540 866 locutum
554 832 688 865 invadit
704 832 789 865 lenis
803 831 945 875 quidam
959 842 1111 870 somnus,
1129 842 1172 863 ex
1185 842 1254 874 quo
1272 834 1489 873 experrectus
1507 839 1600 862 sum-

284 923 341 946 mo
358 912 483 945 affectu
496 912 620 956 flagrat
637 912 788 949 dissolvi,
806 917 840 944 et
857 922 929 944 esse
947 921 1026 944 cum
1040 910 1191 943 Domino
1205 919 1213 942 z
1238 913 1258 927 ‘⁶
1269 909 1370 948 Veni,
1388 909 1513 952 inquit,
1531 909 1601 942 Do-

284 993 376 1025 mine
393 992 415 1025 J
418 1003 488 1029 esu,
505 991 638 1036 fragilis
656 991 761 1035 hujus
781 991 864 1024 vitae
882 991 979 1023 filum
996 990 1161 1033 abrumpe
1177 999 1185 1028 ;
1213 994 1360 1027 matura,
1378 988 1537 1027 Domine,
1558 999 1600 1021 ne

285 1073 393 1105 tarda,
429 1072 451 1104 J
454 1083 530 1105 esus
548 1082 602 1104 me
620 1071 776 1110 redemit,
794 1081 863 1103 non
880 1075 921 1104 ut
939 1070 1101 1103 caducam
1114 1069 1213 1108 hanc,
1232 1079 1352 1102 verum
1371 1073 1536 1101 aeternam
1551 1070 1602 1101 vi-

286 1158 356 1186 tam
369 1152 567 1196 indulgerit.
591 1151 692 1190 Veni,
703 1151 725 1184 J
728 1162 798 1190 esu,
810 1151 937 1195 largire
948 1151 1056 1183 vitam
1068 1153 1208 1193 propter
1217 1160 1319 1193 quam
1333 1149 1507 1182 redemisti
1518 1149 1600 1181 me.⁷'

287 1232 452 1266 Astantes
474 1231 577 1264 flebili
600 1232 740 1274 planctu
758 1231 866 1263 vicem
891 1241 989 1262 suam
1012 1230 1049 1262 in
1070 1230 1144 1274 ejus
1167 1228 1264 1262 obitu
1286 1227 1432 1261 deflent:
1461 1226 1512 1260 At
1534 1228 1601 1264 ille,

289 1315 308 1329 ‘⁶
322 1311 451 1344 Omnes
468 1311 572 1355 hujus
591 1311 673 1343 vitae
690 1310 819 1354 gradus
837 1319 994 1342 emensus
1012 1318 1111 1348 sum3
1130 1309 1173 1341 ad
1190 1308 1416 1341 novissimum
1435 1308 1600 1350 perveni;

287 1403 347 1425 cur
370 1391 622 1435 retrogrederer
635 1390 651 1422 ἶ)
704 1389 808 1422 Hunc
833 1389 992 1433 gradum,
1011 1388 1160 1421 Domine
1185 1387 1207 1420 J
1209 1398 1280 1427 esu,
1304 1392 1365 1420 tuo
1388 1387 1505 1420 favore
1528 1387 1603 1420 feli-

288 1473 371 1504 citer
384 1470 535 1503 emetiar.
554 1469 674 1502 Deduc
692 1479 747 1501 me
764 1470 801 1502 in
812 1479 886 1501 eam
901 1468 1058 1512 gloriam,
1075 1478 1180 1511 quam
1194 1477 1255 1510 per
1268 1468 1445 1510 speculum
1462 1467 1601 1500 tantum

288 1552 383 1584 vidi:
411 1551 545 1583 utinam
569 1549 661 1592 apud
684 1553 718 1582 te
742 1548 962 1581 diversare1·.⁷'
1013 1547 1082 1586 Qui
1108 1546 1267 1580 astabant
1292 1546 1487 1591 significant
1512 1547 1601 1580 diem

289 1635 464 1674 posterum
482 1628 696 1662 Sabbathum
716 1638 798 1666 esse,
813 1628 904 1660 unde
915 1628 952 1659 in
966 1626 1041 1659 haec
1055 1626 1160 1659 verba
1173 1626 1334 1669 erumpit,
1353 1629 1373 1643 ‘⁶
1387 1625 1504 1659 Tuum
1520 1626 1603 1659 Sab-

289 1710 444 1747 bathum,
461 1708 620 1746 Domine,
639 1712 808 1740 aeternum
826 1717 941 1739 meum
960 1705 1173 1739 Sabbathum
1191 1705 1327 1738 inchoet
1342 1715 1350 1744 3
1377 1706 1528 1748 auspicia
1546 1716 1602 1738 su-

290 1794 363 1822 mat
379 1793 549 1821 aeternum
567 1786 781 1819 Sabbathum
799 1796 916 1818 meum
934 1796 954 1818 a
972 1785 1145 1818 Sabbatho
1163 1784 1253 1817 tuo-’²
1303 1783 1346 1816 In
1364 1784 1512 1817 mediam
1530 1784 1600 1817 fere

291 1874 425 1902 noctem
439 1867 608 1900 modicam
621 1870 743 1899 nactus
757 1870 809 1898 est
822 1866 983 1909 quietem,
997 1875 1101 1908 quam
1112 1863 1291 1897 confestim
1304 1863 1415 1896 morbi
1430 1864 1482 1897 vis
1496 1864 1602 1897 inter-

291 1950 395 1991 rupit,
413 1957 678 1990 supremamque
694 1945 816 1978 horam
833 1945 950 1977 adesse
967 1948 1063 1977 ratus
1083 1943 1126 1976 D.
1146 1942 1394 1976 WVALTERUM
1413 1942 1599 1977 BALCAN-

291 2035 489 2065 QUELLUM
504 2026 668 2065 accersit3
693 2036 796 2069 quem
814 2025 1007 2069 ingressum
1026 2024 1074 2057 sic
1090 2022 1278 2066 alloquitur
1293 2032 1301 2055 ε
1328 2026 1347 2040 “
1361 2023 1462 2061 Quod
1480 2023 1601 2056 diutis-

291 2107 377 2140 sime
393 2117 519 2140 munus
537 2106 707 2149 pastorale
725 2104 922 2149 Edinburgi
939 2103 1073 2141 obieris,
1091 2103 1250 2146 quodque
1267 2112 1336 2135 non
1351 2113 1466 2135 recens
1484 2108 1600 2136 nostra
