1905 2746
292 307 337 342 36
741 303 855 333 VITA
877 303 938 333 ET
962 303 1132 333 OBITUS

290 417 479 449 Dominum
501 421 534 450 et
558 416 774 450 Servatorem
796 417 914 450 Jesum
939 417 1118 450 Christum
1142 416 1202 460 qui
1229 415 1452 449 transformet
1473 426 1595 459 corpus

288 498 444 525 nostrum
462 493 593 525 humile
610 497 649 525 ut
667 492 839 525 conforme
857 493 916 525 fiat
933 493 1067 536 corpori
1087 503 1150 525 suo
1167 492 1326 536 glorioso.
1380 491 1595 523 Protestatus

288 576 339 604 est
356 572 554 604 detestabile
572 582 607 604 se
620 583 753 614 semper
767 572 936 604 censuisse
949 571 1133 614 profanum
1147 571 1233 603 illud
1246 571 1424 603 hominum
1439 581 1548 615 genus
1563 576 1595 603 et

287 651 405 684 atheos
431 652 507 684 illos
529 652 588 694 qui
618 662 654 684 se
679 651 796 694 potius
822 651 926 693 quam
952 650 1066 683 Deum
1094 654 1298 693 spectarent,
1328 650 1453 693 quibus
1480 651 1596 683 onmia

286 730 391 774 hujus
410 731 492 763 vitae
509 729 598 763 bona
615 731 754 763 tandem
772 730 808 762 in
825 730 969 762 exitium
987 730 1057 762 sint
1074 740 1219 761 cessura.
1271 728 1453 761 Postremi>
1470 740 1597 761 sermo-

287 819 365 840 nem
383 819 484 841 suum
502 809 667 841 conclusit
687 819 765 841 cnm
788 808 876 841 seria
897 808 1134 840 exhortatione
1155 808 1197 839 ad
1219 808 1393 850 pietatem,
1417 808 1599 840 sanctimo-

287 888 380 919 niam
399 888 492 925 vitae,
510 888 803 930 perseverantiam
821 888 857 919 in
875 898 913 919 ea
932 887 1075 918 veritate
1090 891 1123 918 et
1137 886 1312 929 religionis
1326 887 1477 929 puritate
1491 897 1594 929 quam

286 967 503 1009 accepissent,
522 971 555 999 et
572 967 608 999 in
626 978 695 1009 qua
712 967 843 999 educati
864 971 986 997 essent.

337 1046 420 1078 Post
433 1047 592 1078 emissam
606 1046 754 1088 primam
768 1045 856 1077 hanc
869 1045 1009 1077 classem
1025 1049 1198 1078 contracto
1212 1055 1288 1077 cum
1303 1045 1436 1077 Helena
1447 1045 1598 1078 Baronia

286 1126 468 1158 lectissima
481 1124 621 1157 foemina
639 1124 819 1162 connubio,
835 1124 999 1156 valedixit
1012 1123 1249 1167 philosophiae,
1264 1129 1297 1156 et
1311 1129 1423 1157 totum
1437 1135 1472 1157 se
1486 1135 1596 1157 sacra-

286 1216 363 1238 rum
382 1206 559 1238 literarum
575 1205 689 1237 studio
709 1202 764 1244 (ad
782 1204 873 1246 quod
891 1203 934 1235 ab
951 1204 1090 1236 ineunte
1107 1208 1209 1236 aetate
1227 1214 1360 1246 semper
1372 1204 1523 1235 animam
1537 1214 1595 1245 ap-

286 1286 433 1327 pulerat)
453 1285 616 1316 tradidit:
643 1288 677 1316 et
694 1283 835 1316 suffecto
854 1282 1016 1325 Philippo
1035 1282 1191 1326 Hislopo,
1206 1283 1417 1315 adolescente
1434 1283 1541 1326 probo
1560 1288 1594 1315 et

284 1367 429 1404 erudito,
447 1366 506 1408 qui
530 1365 764 1398 succedentem
788 1365 929 1397 classem
953 1364 1149 1407 susciperet,
1166 1363 1365 1396 Academiae
1387 1363 1593 1406 praefectura

285 1449 464 1477 contentus
482 1443 559 1482 fuit,
577 1444 613 1476 in
630 1454 699 1486 qua
715 1443 802 1475 nihil
820 1443 936 1475 omisit
954 1453 1072 1475 eorum
1090 1453 1169 1485 quae
1187 1443 1229 1475 ad
1248 1443 1356 1485 ipsius
1375 1443 1590 1475 commodum

284 1530 484 1569 spectarent.
535 1524 621 1562 Quis
639 1523 695 1556 hic
712 1535 781 1556 non
799 1523 989 1566 impensam
1011 1524 1119 1566 ipsius
1142 1524 1348 1556 industriam
1371 1524 1560 1556 admiretur
1575 1524 1590 1555 Ρ

285 1604 473 1637 Consuevit
484 1604 574 1635 enim
585 1602 781 1645 frequenter
793 1603 945 1646 singulas
957 1603 1078 1634 classes
1090 1602 1194 1640 adire,
1201 1602 1366 1646 cujusque
1377 1602 1593 1635 sedulitatem

284 1688 317 1715 et
328 1692 546 1726 progressum
560 1682 597 1713 in
610 1681 732 1713 studiis
746 1681 923 1723 explorare
936 1690 944 1718 ;
964 1680 992 1712 si
1005 1691 1081 1723 quae
1091 1680 1335 1718 contentiones,
1347 1681 1375 1713 si
1389 1691 1467 1723 quae
1480 1681 1591 1713 turbae

285 1763 482 1795 incidissent
491 1761 629 1805 egregia
638 1760 808 1792 celeritate
817 1771 855 1792 ac
864 1760 1047 1802 prudentia
1058 1771 1269 1803 componere,
1275 1761 1453 1793 universos
1464 1762 1505 1793 ad
1517 1772 1592 1804 per-

285 1844 445 1877 standum
459 1843 495 1875 in
509 1841 616 1875 officio
630 1842 770 1885 erigere,
784 1841 936 1884 quotidie
950 1841 1109 1874 omnibus
1122 1842 1159 1874 in
1173 1841 1382 1874 auditorium
1397 1842 1589 1875 convocatis

283 1934 396 1967 preces
414 1923 486 1965 ipse
503 1921 679 1954 celebrare.
706 1920 922 1963 Unaquaque
935 1920 1148 1953 hebdomada
1157 1920 1260 1953 unius
1274 1921 1341 1953 diei
1359 1921 1526 1953 delectum
1541 1920 1589 1953 fe-

280 2004 336 2040 cit,
351 2013 419 2045 quo
433 2000 607 2043 discipulis
624 2000 695 2032 suis
713 1998 871 2032 omnibus
889 1999 925 2031 in
945 2010 1053 2031 unum
1071 1986 1273 2032 coeuntibus
1291 2004 1425 2032 textum
1439 2000 1587 2043 aliquem

280 2082 465 2124 Scripturae
484 2082 728 2123 interpretatus
746 2084 807 2117 est,
826 2079 917 2112 unde
935 2079 1195 2117 admonitiones,
1212 2079 1434 2119 hortationes,
1448 2080 1587 2113 commi-
