1905 2746
344 324 388 358 16
816 323 929 351 VITA
952 322 1015 352 ET
1039 323 1162 352 Mons

332 437 484 469 humano
510 436 647 473 calculo,
673 435 799 467 illustri
825 435 935 478 gloria
961 435 1099 467 tandem
1126 434 1283 478 fulgebit.
1336 434 1488 478 Ingressi
1518 433 1638 465 deinde

334 516 491 549 Pastores
503 515 743 559 Edinburgeni
757 514 880 557 quibus
895 515 1122 547 assidentibus
1136 516 1183 547 sic
1195 515 1281 547 infit.
1309 512 1538 558 AEgritudinis
1550 514 1638 546 mole

330 598 450 634 lassus,
468 596 550 628 vitae
568 595 671 638 hujus
690 604 832 636 pausam
850 604 888 625 ac
908 594 1039 625 exitum
1057 594 1220 626 anhelans
1241 594 1344 636 spiro,
1358 604 1396 626 ac
1413 604 1521 636 spero.
1556 592 1635 625 Non

329 677 375 708 sic
394 675 571 707 Christum
589 674 690 705 didici
709 677 769 705 aut
792 672 901 709 docui,
921 673 1005 714 quin
1024 673 1060 703 in
1081 683 1120 704 eo
1143 683 1377 704 aerumnarum
1394 672 1518 704 harum
1546 673 1637 705 leva-

329 760 483 787 mentum
508 753 664 785 sentiam.
716 750 913 783 Academiae
934 761 1015 783 cura
1032 750 1157 783 fratres
1176 751 1339 783 altissime
1363 761 1496 793 semper
1519 752 1634 784 animo

328 844 403 866 meo
421 832 602 869 insederat,
621 834 751 873 quanta
768 841 831 873 ego
849 840 923 861 eam
942 829 1007 861 fide
1024 841 1062 862 ac
1079 830 1252 862 industria
1269 830 1551 868 administrarim,
1569 834 1636 862 tes-

327 914 370 945 tis
388 913 493 950 Deus,
512 922 574 955 ego
592 910 677 942 mihi
695 909 800 952 probe
814 909 966 941 conscius
985 919 1072 946 sum,
1086 912 1255 951 quantum
1274 920 1316 940 ex
1333 920 1372 940 ea
1390 909 1426 940 in
1444 908 1632 941 Ecclesiam

325 996 358 1024 et
373 990 632 1033 Rempublicam
645 989 914 1021 emolumentum
933 988 1143 1025 redundarit,
1158 998 1218 1020 vos
1233 992 1345 1020 testes.
1388 987 1632 1030 Rumpendum

325 1081 406 1103 mox
423 1070 505 1101 vitae
523 1078 609 1100 meae
621 1067 728 1104 filum,
742 1066 1051 1109 trajiciendumque
1064 1065 1149 1097 mihi
1164 1066 1200 1097 in
1217 1066 1366 1108 patriam
1380 1067 1450 1104 diu,
1468 1067 1633 1099 multum-

322 1160 388 1192 que
405 1149 567 1191 cupitam,
585 1157 627 1179 ne
645 1156 762 1189 quaeso
780 1156 833 1177 me
851 1145 989 1187 dempto
1007 1145 1108 1177 nimis
1128 1146 1244 1177 amare
1261 1145 1443 1178 orbitatem
1460 1155 1558 1177 suam
1577 1145 1633 1177 de-

324 1227 402 1260 fleat
419 1224 629 1259 Academia:
656 1224 738 1262 Vos,
757 1234 817 1255 vos
835 1224 988 1266 inquam,
1006 1234 1075 1255 non
1093 1234 1249 1256 novercae
1268 1234 1387 1255 verum
1406 1224 1547 1267 genuini
1571 1234 1630 1266 pa-

323 1306 429 1339 rentis
448 1305 538 1336 vices
557 1304 658 1341 obite,
677 1314 751 1335 eam
775 1306 889 1334 vestro
913 1303 990 1334 sinu
1014 1302 1105 1339 alite,
1129 1301 1252 1333 fovete.
1303 1301 1480 1334 Pastorale
1502 1313 1628 1334 munus

322 1396 391 1417 non
406 1385 479 1428 jam
498 1384 631 1426 pridem
649 1382 734 1414 mihi
760 1381 927 1419 incubuit,
945 1381 1037 1424 quod
1055 1381 1277 1424 quamobrem
1295 1381 1331 1413 in
1348 1391 1403 1412 me
1421 1381 1626 1423 susceperim

322 1476 389 1497 non
415 1475 475 1495 vos
501 1463 666 1505 praeterit.
718 1460 760 1492 In
786 1472 824 1492 eo
848 1460 1024 1504 egregium
1050 1460 1133 1503 quid
1158 1460 1360 1502 praestitisse
1382 1470 1436 1491 me
1459 1459 1628 1492 affirmare

321 1555 389 1576 non
407 1543 525 1580 audeo,
543 1542 691 1574 voluisse
709 1544 835 1578 tamen,
859 1539 999 1572 audebo.
1051 1539 1230 1571 Memoriae
1256 1543 1380 1571 vestrae
1404 1550 1473 1571 non
1491 1540 1626 1577 excidit,

319 1623 457 1666 Synodo
476 1620 695 1652 Taodunensi
715 1619 882 1650 delectum
901 1629 955 1650 me
973 1628 1050 1650 cum
1069 1618 1143 1650 aliis
1161 1617 1377 1660 quibusdam,
1396 1618 1455 1660 qui
1473 1629 1535 1660 pro
1559 1618 1626 1650 Ec-

320 1702 420 1734 clesia
437 1699 652 1735 excubarem,
677 1697 713 1729 in
737 1696 946 1734 excubando,
964 1706 1041 1728 cum
1065 1695 1130 1727 Dei
1154 1696 1310 1739 gloriam,
1329 1700 1363 1728 et
1386 1695 1549 1729 Ecclesiae
1572 1697 1624 1729 in-

319 1780 561 1816 columitatem,
579 1777 732 1809 tumultu
750 1775 899 1818 quodam
916 1774 1041 1807 misere
1054 1778 1262 1817 quassatam,
1276 1774 1362 1807 mihi
1380 1774 1423 1807 ob
1436 1776 1549 1808 oculos
1564 1775 1623 1808 ha-

318 1859 462 1897 buerim,
480 1857 607 1890 nullius
627 1856 662 1887 in
681 1866 720 1887 ea
738 1854 878 1886 admissi
896 1853 1019 1898 flagitii
1036 1853 1239 1896 poenitentia
1255 1853 1453 1886 discruciari
1470 1864 1525 1886 me
1545 1865 1623 1897 pro-

319 1939 425 1971 fiteor.
476 1935 518 1968 In
535 1939 712 1978 pastorum
738 1932 1065 1976 Edinburgenorum
1090 1942 1233 1965 numero
1253 1932 1470 1976 geminando,
1488 1933 1621 1966 duobus

319 2015 510 2060 praesertim
524 2014 591 2047 illis
609 2013 668 2056 qui
682 2013 874 2046 studiorum
889 2012 1096 2055 tyrocinium
1111 2011 1174 2044 sub
1188 2022 1264 2044 mea
1276 2010 1386 2044 ferula
1396 2017 1621 2045 exercuerunt

317 2097 358 2129 ad
375 2105 501 2129 munus
518 2094 603 2126 illud
620 2091 831 2130 invehendis,
849 2101 927 2123 cum
944 2091 981 2123 in
997 2090 1039 2123 iis
1057 2091 1146 2123 dona
1160 2090 1294 2122 muneri
1309 2101 1471 2134 congrua,
1487 2089 1618 2123 Deum-

967 2150 984 2171 ρ
