1905 2746
318 316 361 346 12
800 314 913 343 VITA
935 315 997 344 ET
1023 315 1146 345 MORS

314 437 454 458 saurum
472 427 564 458 enim
583 436 643 458 cur
663 437 732 458 non
753 428 930 469 appellem,
948 431 982 460 et
999 428 1136 470 quidem
1155 428 1450 471 pretiosissimum,
1468 429 1543 462 illos
1561 429 1620 463 ho-

313 505 456 537 norandi
470 505 605 538 summe
621 504 749 544 fratris,
767 505 810 537 D.
825 506 1016 544 ROLLOCI,
1034 517 1110 538 cum
1124 507 1158 539 in
1172 506 1363 550 Epistolam
1377 508 1420 540 ad
1434 508 1620 548 Romanos,
1655 505 1658 508 ⁴

314 589 389 616 tum
407 584 443 616 in
462 584 655 627 Epistolam
674 585 717 617 ad
735 584 915 627 Ephesios,
940 589 1122 628 utramque
1146 587 1237 619 inter
1261 586 1477 629 Apostolicas
1501 599 1618 621 omnes

314 663 627 702 celebratissimam,
646 664 907 696 commentarios
921 663 936 694 ἶ)
971 664 1026 695 Sic
1049 665 1140 696 enim
1159 676 1222 708 ego
1240 666 1378 707 quidem
1403 666 1444 698 de
1465 667 1506 699 iis
1527 668 1619 710 apud

316 754 370 775 me
387 747 512 780 statuo,
532 741 637 785 (quod
655 742 781 785 absque
799 743 870 774 ulla
886 743 996 785 specie
1013 743 1219 776 adulationis
1237 744 1367 777 dictum
1385 745 1512 788 velim,)
1532 746 1618 779 nihil

313 822 423 854 adhuc
441 822 562 865 legisse
580 832 634 854 me
650 822 687 854 in
704 822 768 854 hoc
786 822 1078 864 interpretationis
1096 834 1230 866 genere,
1248 823 1386 856 brevius
1405 824 1520 863 simul,
1540 835 1617 858 cum

313 902 513 945 elegantius,
531 905 606 934 tum
620 901 834 945 judiciosius‚
853 902 1029 944 scriptum,
1048 906 1086 934 ut
1104 902 1175 944 ipse
1197 913 1251 934 me
1269 903 1310 935 iis
1334 904 1494 946 inspectis
1512 906 1619 939 conti-

313 991 392 1012 nere
410 980 641 1022 nequiverem,
665 991 726 1012 nec
747 981 850 1012 etiam
875 981 996 1023 opinor
1013 980 1199 1020 debuerim,
1225 982 1309 1024 quin
1335 987 1369 1015 et
1390 983 1474 1022 Deo,
1492 984 1533 1016 de
1554 984 1618 1017 hoe

316 1060 500 1092 utilissimo
517 1060 636 1102 procul
647 1059 750 1092 dubio
768 1070 871 1102 quam
892 1061 1050 1102 plurimis
1067 1060 1186 1093 futuro
1199 1061 1314 1094 labore
1331 1063 1460 1106 gratias
1474 1073 1616 1107 magnas

310 1150 457 1183 agerem,
469 1143 502 1171 et
513 1143 650 1171 tantum
662 1139 726 1171 hoc
737 1139 833 1171 vobis
847 1139 976 1171 bonum
988 1140 1041 1171 vel
1048 1140 1232 1182 totipotius
1239 1139 1402 1174 Ecclesiae
1413 1143 1616 1185 gratularer,

311 1219 423 1251 Deum
441 1223 598 1261 precatus
616 1223 656 1251 ut
673 1218 765 1250 hunc
782 1218 955 1250 hominem
974 1219 1072 1250 novis
1085 1218 1230 1253 subinde
1248 1220 1345 1252 donis
1359 1224 1498 1253 auctum
1512 1221 1617 1254 felici-

312 1302 363 1329 ter
380 1301 566 1335 conservet,
585 1296 648 1329 hoc
665 1297 857 1339 praesertim
872 1301 1035 1340 tempore,
1053 1298 1088 1330 in
1106 1309 1174 1340 quo
1191 1303 1331 1341 propter
1348 1304 1480 1332 tantam
1499 1311 1615 1343 opera-

313 1377 443 1409 riorum
462 1376 498 1408 in
524 1376 708 1408 excolenda
730 1376 795 1408 Dei
821 1377 930 1408 nostri
948 1377 1048 1409 vinea
1073 1377 1261 1416 raritatem,
1285 1382 1319 1410 et
1341 1379 1555 1421 paucissimis
1574 1391 1615 1412 ex

311 1456 482 1488 veteranis
500 1455 567 1487 illis
586 1456 877 1487 exercitatissimis
895 1457 1094 1498 superstites
1112 1456 1326 1499 triumphare
1340 1458 1413 1501 jam
1428 1458 1492 1490 sibi
1503 1459 1544 1491 de
1558 1470 1616 1502 op-

309 1546 425 1577 pressa
443 1535 587 1567 veritate
607 1534 712 1567 Satan
726 1545 803 1567 cum
822 1535 892 1567 suis
911 1535 1120 1567 videbatur.''
1172 1535 1258 1568 Haec
1273 1536 1396 1569 BEZA.

356 1614 488 1646 Sensim
503 1618 618 1646 autem
633 1614 786 1646 omnium
801 1614 966 1657 cujusque
980 1615 1109 1646 ordinis
1121 1615 1245 1657 quibus
1256 1615 1463 1654 innotuerat,
1481 1618 1612 1649 animos

309 1694 362 1725 sui
373 1703 488 1725 amore
501 1693 705 1735 repleverat:
723 1696 862 1735 gratum
873 1692 1081 1735 charumque
1089 1693 1192 1737 juxta
1203 1693 1360 1726 omnibus
1375 1695 1522 1727 reddidit
1536 1706 1613 1728 can-

309 1774 371 1805 dor
388 1772 527 1814 quidam
551 1772 587 1803 in
605 1771 705 1804 rebus
723 1772 880 1815 gerendis
898 1773 1080 1815 genuinus,
1098 1773 1310 1817 insignisque
1328 1773 1515 1813 humilitas,
1534 1786 1612 1817 qufe

310 1861 472 1898 tanquam
488 1865 529 1886 ex
547 1855 616 1886 alto
638 1854 764 1886 eximia
781 1854 817 1885 in
835 1864 874 1885 eo
897 1854 987 1885 dona
1004 1854 1213 1886 illuminavit
1228 1863 1236 1884 ε
1265 1854 1423 1896 quamvis
1447 1855 1538 1886 enim
1556 1855 1612 1887 ille

308 1934 481 1977 praeclaris
507 1933 643 1966 dotibus
666 1932 825 1965 Pastores
849 1933 997 1975 reliquos
1023 1934 1300 1975 superemineret,
1318 1944 1389 1966 sese
1406 1938 1521 1966 tamen
1551 1945 1614 1967 suo

309 2024 410 2046 censu
429 2012 519 2046 infra
532 2023 648 2045 omnes
666 2013 812 2044 demisit.
846 2011 976 2044 Animo
993 2013 1130 2055 quidem
1146 2012 1251 2044 fixum
1264 2012 1429 2045 condebat
1443 2013 1557 2051 latere,
1571 2018 1611 2045 ut

310 2104 376 2135 que
393 2093 533 2125 liberius
551 2092 673 2125 studiis
685 2092 855 2124 dicaretur
873 2096 980 2124 semet
997 2092 1119 2124 abdere
1131 2104 1173 2124 ne
1192 2093 1282 2125 curis
1300 2091 1444 2135 publicis
1458 2093 1610 2134 implica-
