1905 2746
328 324 372 355 38
749 318 862 348 VITA
885 317 946 347 ET
971 317 1140 347 OBITUS

322 438 360 466 ut
377 431 574 465 Academiae
592 430 771 473 disciplina
791 430 920 473 purior,
943 429 1094 462 exactior
1115 432 1149 460 et
1172 427 1281 471 magis
1307 427 1443 471 integra
1462 436 1620 469 perman-

320 517 400 545 eret.

368 591 568 634 Postquam,
586 590 709 622 emissa
731 590 846 627 classe,
870 592 904 620 et
925 587 1082 630 sepositis
1105 586 1227 619 studiis
1251 585 1504 628 philosophicis,
1527 595 1562 617 se
1586 585 1627 616 ad

321 669 547 714 Theologiam
573 668 782 705 contulisset,
808 666 874 698 dici
901 666 960 698 vix
985 669 1098 708 potest
1123 668 1254 707 quanta
1280 664 1470 701 sedulitate,
1498 668 1627 706 quanta

321 748 511 793 vigilantia,
529 748 668 791 quantis
686 745 860 779 laboribus
878 749 1018 778 conatus
1036 745 1082 777 sit
1099 755 1155 777 eos
1172 745 1262 787 ipsos
1277 744 1515 781 adolescentes,
1529 746 1628 785 quot-

319 832 403 871 quot
421 828 464 860 ad
482 838 597 860 rerum
617 826 814 859 divinarum
832 825 948 858 studia
972 825 1104 857 animos
1128 824 1365 866 applicassent,
1384 823 1420 855 in
1438 821 1628 865 Theologia

322 907 515 945 instituere,
545 906 720 938 interdum
750 905 888 948 quidem
917 904 1074 946 analysin
1100 903 1245 947 logicam
1273 903 1309 934 in
1339 901 1514 944 Epistolas
1538 900 1627 932 Pau-

323 986 409 1018 linas
428 990 488 1018 aut
506 986 589 1018 alios
609 984 722 1018 Sacrae
737 984 924 1027 Scriptmae
942 983 1047 1015 libros
1061 982 1233 1020 dictitans,
1247 981 1420 1014 interdum
1435 981 1524 1013 locos
1539 990 1627 1012 com-

321 1075 440 1097 munes
459 1069 622 1102 tractans,
642 1064 816 1097 interdum
834 1068 1054 1096 controversa
1071 1073 1148 1094 cum
1167 1061 1349 1104 pontificiis
1368 1060 1558 1104 Religionis
1575 1070 1628 1092 ca-

321 1145 395 1187 pita
413 1145 634 1177 examinans:
653 1144 690 1176 in
707 1143 832 1187 quibus
849 1143 972 1175 studiis
990 1143 1039 1175 ita
1052 1142 1188 1174 assidue
1203 1144 1358 1173 versatus
1376 1144 1427 1172 est
1443 1144 1483 1172 ut
1496 1139 1626 1171 nullam

321 1224 387 1256 diei
406 1224 527 1256 horam
542 1234 685 1256 vacuam
703 1222 880 1266 praeterire
897 1221 1120 1264 permitteret.
1153 1219 1253 1252 Hanc
1271 1224 1343 1252 tam
1360 1219 1531 1251 assiduam
1550 1228 1627 1260 ope-

321 1314 395 1336 ram
413 1303 591 1336 condiebat
612 1302 738 1335 crebris
761 1301 1026 1339 hortationibus,
1049 1299 1174 1343 quibus
1195 1300 1423 1332 adolescentes
1443 1298 1487 1330 ad
1504 1299 1627 1331 sancti-

322 1383 472 1416 moniam
486 1387 519 1415 et
537 1382 735 1415 fidelitatem
753 1382 789 1413 in
806 1391 949 1413 munere
962 1379 1126 1422 pastorali
1144 1376 1201 1419 (ad
1218 1378 1309 1421 quod
1327 1388 1383 1410 eos
1396 1377 1626 1420 praeparabat)

322 1462 497 1495 incitabat.
528 1461 733 1494 Postulabat
750 1459 920 1503 imprimis
938 1470 980 1491 ne
994 1459 1115 1491 crudos
1129 1468 1164 1491 se
1178 1468 1216 1490 ac
1230 1458 1431 1490 immaturos
1446 1457 1489 1489 ad
1500 1467 1626 1489 munus

321 1544 406 1576 illud
424 1542 674 1585 protruderent.
727 1539 847 1572 Zelum
865 1539 1004 1582 quidem
1022 1538 1111 1571 serii)
1128 1538 1170 1570 iis
1188 1536 1448 1570 commendabat
1465 1537 1524 1569 sed
1546 1547 1627 1579 pru-

322 1622 439 1654 dentia
456 1620 652 1653 conditum:
679 1620 715 1651 in
733 1619 828 1651 nulla
849 1629 885 1650 re
908 1618 1018 1661 magis
1040 1616 1143 1659 quam
1165 1617 1201 1649 in
1219 1617 1291 1648 zelo
1313 1616 1430 1653 errari,
1448 1625 1550 1658 quem
1569 1616 1625 1647 alii

321 1700 493 1743 praecipiti
517 1709 577 1732 suo
599 1698 733 1735 affectu,
757 1697 814 1729 alii
839 1700 878 1728 ut
900 1700 975 1729 tum
998 1695 1153 1728 ferebant
1170 1700 1333 1737 tempore,
1356 1694 1548 1726 inconsulto
1570 1704 1626 1726 ve-

322 1791 414 1812 sanae
432 1778 539 1822 plebis
548 1778 689 1822 judicio,
707 1776 911 1809 metirentur
926 1784 933 1807 :
951 1774 1136 1807 fovendum
1150 1774 1289 1817 quidem
1301 1774 1337 1806 in
1351 1772 1504 1805 Ecclesia
1513 1774 1625 1806 zelum

323 1859 512 1903 genuinum
529 1867 536 1889 :
555 1839 626 1890 esse
643 1867 721 1889 eum
740 1856 855 1900 ignem
869 1855 1001 1887 coelitus
1016 1853 1285 1891 descendentem,
1299 1863 1400 1896 quem
1415 1853 1460 1885 ali
1473 1853 1510 1885 in
1523 1853 1624 1885 domo

322 1939 385 1971 Dei
418 1949 530 1981 operae
556 1937 705 1980 pretium
732 1936 799 1968 sit:
825 1934 1076 1977 explodendum
1101 1937 1217 1965 tamen
1243 1933 1354 1965 zelum
1380 1932 1622 1970 adulterinum,

324 2019 415 2060 quod
433 2017 523 2062 ignis
542 2017 586 2049 sit
603 2016 813 2060 peregrinus.
864 2013 1000 2046 Obnixe
1019 2016 1133 2045 autem
1151 2012 1306 2054 serioque
1329 2012 1494 2045 suadebat
1511 2022 1553 2044 ne
1570 2022 1622 2044 res

325 2108 403 2130 suas
421 2098 573 2140 privatas
591 2099 763 2139 praetextu
780 2093 955 2138 religionis
969 2096 1174 2136 quaererent,
1185 2102 1295 2135 neque
1309 2091 1436 2124 famam
1450 2091 1622 2124 sincerita-
