1905 2746
369 328 389 356 8
867 320 981 350 VITA
1003 319 1064 349 ET
1089 319 1212 349 MORS

414 436 536 469 Visum
558 436 679 468 deinde
708 434 849 467 Senatui
876 438 1024 477 quatuor
1051 432 1283 476 Philosophiae
1310 431 1527 475 professores,
1557 433 1669 464 erudi-

367 516 468 553 tione,
482 525 617 547 morum
634 514 756 552 nitore,
774 513 957 556 prudentia
974 512 1188 556 insigniores,
1203 511 1392 543 ROLLOCO
1408 510 1569 548 sufficere,
1587 511 1670 543 clas·

368 594 461 626 sibus
490 592 739 635 philosophicis
771 591 952 635 praeficere,
989 591 1048 633 qui
1078 591 1151 634 ejus
1177 590 1321 632 imperio
1354 600 1392 622 ac
1426 593 1514 621 nutu
1541 588 1672 621 Acade*

367 674 471 705 miam
494 672 784 704 administrarent.
833 669 891 701 Ex
912 669 954 701 iis
979 673 1094 701 autem
1120 678 1205 711 quos
1228 668 1427 710 nuperrime
1447 669 1563 700 laurea
1584 668 1673 700 redi-

369 752 501 789 mierat,
519 754 667 793 quatuor
684 749 743 792 qui
766 748 857 781 facto
877 748 1033 780 examine
1058 747 1198 789 reliquis
1222 747 1466 789 praeluxerant,
1485 747 1669 790 eliguntur.

372 830 419 862 Hi
431 829 615 873 gressibus,
629 839 705 860 cum
720 828 895 866 doctrinae,
907 832 979 860 tum
996 826 1195 869 disciplinae,
1208 825 1388 858 ROLLOCI
1408 826 1602 857 insistentes
1616 825 1673 856 de-

373 909 570 941 mandatam
594 907 659 940 sibi
683 906 896 950 provinciam
913 905 1051 949 egregia
1075 905 1140 937 fide
1166 915 1204 937 ac
1226 904 1397 936 industria
1420 904 1672 936 administrant.

420 988 611 1020 ROLLOCO
622 986 761 1019 interim
779 986 885 1018 totius
902 984 1100 1018 Academiae
1118 994 1200 1016 cura
1210 983 1375 1021 incubuit,
1393 983 1443 1015 illi
1461 983 1550 1015 enim
1569 983 1674 1015 moris

375 1071 457 1104 erat,
470 1066 622 1110 singulas
633 1066 754 1097 classes
766 1062 870 1102 adire,
881 1064 1096 1107 singulorum
1107 1063 1334 1099 sedulitatem,
1347 1072 1546 1104 progressus
1559 1062 1594 1092 in
1605 1065 1677 1093 stu-

375 1146 451 1183 diis,
469 1145 659 1182 observare,
676 1144 706 1176 si
725 1153 804 1186 quae
820 1142 959 1175 turbida
970 1141 1184 1179 excidissent,
1202 1142 1340 1185 egregia
1356 1140 1528 1172 celeritate
1545 1150 1583 1172 ac
1597 1149 1677 1182 pru-

376 1224 493 1257 dentia
503 1222 909 1266 componere,univerSOS,
921 1221 1074 1264 singulos
1086 1220 1129 1253 ad
1139 1220 1361 1263 perstandum
1373 1220 1409 1252 in
1420 1219 1527 1252 officio
1539 1219 1676 1262 erigere.

377 1302 538 1341 Quotidie
561 1301 720 1335 omnibus
743 1301 779 1333 in
802 1300 1011 1333 auditorium
1037 1299 1241 1337 convocatis,
1266 1299 1401 1332 intenso
1426 1296 1532 1330 animi
1559 1297 1678 1329 ardore

379 1392 493 1424 preces
511 1382 583 1424 ipse
596 1379 795 1413 celebrabat.
831 1379 944 1412 Unius
956 1379 1022 1411 diei
1042 1379 1206 1423 cujusque
1219 1377 1442 1411 hebdomadae
1455 1377 1621 1409 delectum
1632 1375 1680 1408 fe—

378 1461 434 1498 cit,
445 1470 513 1503 quo
526 1460 702 1502 discipulis
715 1459 785 1491 suis
800 1458 958 1491 omnibus
972 1457 1182 1495 coeuntibus,
1197 1461 1331 1489 textum
1343 1456 1490 1498 aliquem
1502 1455 1680 1497 scripturae

380 1541 623 1582 interpretatus
647 1543 708 1577 est,
733 1538 824 1571 unde
845 1537 1067 1575 hortationes,
1093 1536 1372 1569 comminationes
1396 1535 1560 1567 salutares
1582 1534 1682 1571 eruit,

383 1629 451 1651 non
469 1618 634 1650 sermonis
652 1617 730 1649 fuco
747 1616 920 1654 obductaS‚
938 1625 1058 1647 verum
1082 1615 1328 1647 sententiarum
1349 1613 1497 1656 pondere
1514 1623 1552 1644 ac
1569 1612 1683 1655 gravi-

382 1703 453 1730 tate
470 1696 617 1729 efficaces
640 1696 682 1727 ad
704 1695 873 1739 juvenum
895 1694 1027 1726 animos
1046 1693 1275 1730 emolliendos,
1296 1702 1334 1724 ac
1359 1692 1401 1724 ad
1424 1691 1682 1724 sanctimoniam

384 1775 610 1808 efformandos
627 1784 634 1806 :
660 1783 729 1806 non
747 1773 838 1816 quod
855 1771 1003 1805 defuerit
1020 1773 1050 1804 ei
1074 1776 1229 1814 comptus
1247 1781 1285 1803 ac
1307 1770 1418 1803 cultus
1441 1780 1562 1806 sermo,
1581 1769 1617 1801 in
1634 1779 1685 1801 re-

386 1855 449 1888 bus
466 1859 581 1887 tamen
598 1853 702 1885 sacris
725 1852 920 1884 affectatum
944 1851 1076 1884 dicendi
1099 1861 1207 1895 genus
1228 1849 1496 1893 aspernabatur:
1522 1848 1571 1881 illi
1595 1848 1684 1881 enim

389 1940 471 1962 cura
488 1927 654 1961 intensior
670 1927 711 1959 de
728 1937 844 1959 rerum
860 1926 975 1958 nervis
999 1936 1037 1957 ac
1059 1925 1219 1963 medulla,
1241 1934 1345 1967 quam
1363 1923 1526 1956 orationis
1549 1932 1688 1965 procera

389 2013 474 2040 cute.
527 2006 645 2051 Hujus
662 2005 889 2048 praelectionis
907 2005 1007 2042 vallo,
1024 2003 1152 2036 arctiuS
1170 2014 1274 2046 quam
1291 2002 1454 2045 asperiori
1475 2001 1546 2034 ulla
1568 2000 1689 2042 discip-

388 2088 458 2118 lina
474 2086 700 2119 adolescentes
718 2084 960 2127 circumsepsit.
974 2083 1144 2115 Absoluta
1149 2083 1223 2126 jam
1240 2083 1393 2119 lectione,
1408 2080 1551 2114 scrutari
1569 2078 1689 2112 deinde

995 2147 1012 2168 ρ
