1905 2746
819 315 1069 346 ΕΡΙΤΑΡΗΙΑ

496 423 552 452 Ille
567 422 631 451 suis
647 422 727 452 votis
742 422 776 451 in
792 422 866 459 vita,
884 428 915 452 et
930 427 1029 452 morte
1045 422 1171 463 potitur.

324 483 387 507 I’sal-
406 487 448 514 Ξῖ,
462 488 484 509 4.
494 482 684 512 Davidicum
699 482 732 512 in
747 482 839 512 terris
855 486 973 519 votum,
991 482 1132 519 Bellone,
1149 482 1263 524 petisti,

494 542 647 572 Davidico
659 542 692 572 in
708 543 799 573 terris
814 548 887 573 voto
902 554 944 579 es,
962 543 1092 573 Rolloce
1108 544 1236 584 potitus.

496 602 587 632 Nunc
603 602 716 632 frueris
732 602 797 632 voti
812 603 928 638 fructu,
945 602 1084 638 Rolloce,
1102 603 1212 633 valeto.

1093 661 1194 692 JoAN.
1212 662 1457 694 Douomssms.

496 841 572 871 HEU
590 840 674 871 cadis
691 841 724 869 in
739 851 862 870 summo
877 839 1082 870 tumulandus
1097 839 1216 870 lumine
1231 841 1303 871 vitae

537 901 579 930 Et.
595 901 698 936 decus,
716 904 747 930 et
762 900 870 941 patriae
886 900 985 940 gloria
1000 911 1070 930 rara
1085 905 1164 930 tuae:

496 961 631 991 Flendus
646 960 721 997 abis,
739 960 877 995 Rolloce,
896 959 967 995 tuis,
984 959 1213 1000 lachrymisque
1229 966 1353 990 tuorum

537 1020 702 1051 Materiam
717 1020 846 1061 praebes,
863 1019 1053 1060 Uraniaeque
1069 1024 1141 1049 tuae.

496 1081 539 1111 Te
555 1081 712 1121 pietasque
727 1079 862 1119 fidesque
876 1084 1016 1119 gemunt,
1034 1078 1172 1115 Rolloce,
1190 1080 1365 1120 sepultum;

537 1142 661 1170 Astraea
675 1139 715 1169 ad
730 1138 888 1168 tumulum
904 1144 966 1168 stat
980 1138 1176 1178 gemebunda
1191 1144 1291 1168 tuum.

498 1200 566 1230 Non
582 1205 686 1230 tamen
704 1199 832 1235 Uranie,
850 1198 996 1239 pietasve‚
1013 1198 1138 1236 fidesve,
1156 1200 1251 1235 tuive,

537 1259 656 1289 Tamue
672 1259 797 1289 Astraea
811 1259 876 1288 solo
891 1259 973 1299 quod
989 1260 1109 1300 rapiare
1124 1259 1238 1295 dolent,

498 1320 602 1354 Quam
617 1319 753 1360 gaudent
769 1330 876 1349 omnes
891 1319 968 1349 liber
984 1318 1065 1359 qubd
1081 1320 1216 1360 pondero
1232 1326 1322 1350 terrae

539 1379 670 1409 AEterna
686 1379 758 1409 felix
777 1390 851 1419 paee
866 1378 971 1409 fruare
987 1378 1066 1420 polo.

875 1500 995 1530 ALmn.

499 1560 527 1589 Ο
545 1569 584 1589 ΤΕ
601 1559 743 1595 foelicem,
761 1570 853 1599 quem
869 1571 932 1589 nou
947 1559 1092 1589 mortalia
1106 1564 1228 1590 tantum

540 1619 654 1655 Corda,
672 1619 725 1649 sed
740 1619 915 1649 extinctum
931 1620 1070 1649 Numina
1085 1631 1206 1650 summa
1221 1620 1325 1650 dolent
1339 1634 1345 1650 :

500 1679 618 1709 Verum
634 1680 788 1719 praecipue
804 1680 951 1715 Phoebus,
968 1679 1127 1719 doctaeque
1143 1691 1272 1715 sorores,

542 1739 621 1774 Quae
637 1739 763 1768 meritas
779 1744 890 1769 curant
905 1739 1024 1768 funeris
1040 1739 1193 1779 exequias.

501 1799 569 1828 Hoc
585 1799 722 1829 solamen
737 1799 841 1835 habes,
858 1798 930 1828 verz}
946 1804 1015 1839 post
1030 1798 1094 1828 fata
1108 1799 1225 1835 beatus,

540 1859 641 1889 Parca
654 1859 705 1889 cui
720 1864 823 1888 totum
834 1859 938 1889 vivere
954 1870 1017 1888 11011
1032 1859 1145 1899 rapuit·

498 1919 635 1956 Rolloce,
652 1924 805 1949 aeternum
820 1920 915 1955 vives,
932 1919 1058 1949 meliore
1073 1924 1228 1959 superstes

542 1976 636 2006 Parte
652 1977 708 2013 tui,
725 1982 755 2007 et
771 1976 873 2006 BIusis
889 1976 1020 2016 coguitis
1036 1987 1133 2017 usque
1149 1976 1219 2006 tuis.

500 2037 635 2077 Spiritus
650 2037 703 2067 ille
718 2041 791 2066 tuus
807 2036 876 2066 coeli
890 2036 1036 2076 gaudebit
1052 2037 1178 2072 honore,

541 2096 743 2137 Virtutesque
760 2101 829 2126 tuas
845 2096 928 2126 fama
942 2096 1087 2137 loquetur
1101 2107 1199 2126 amus.

1107 2155 1214 2186 JACOB
1221 2165 1255 2186 us
1273 2155 1344 2186 C01.
1350 2167 1381 2185 m
1388 2166 1406 2185 N
1414 2166 1460 2186 us.
