1905 2746
714 303 920 333 ROBERTI
944 302 1156 333 ROLLOCI.
1558 304 1600 335 41

297 419 448 452 cissimos
476 428 518 450 ex
548 417 718 450 veteranis
745 416 812 449 illis
840 415 1132 449 exercitatissimis
1159 414 1362 457 superstites
1389 413 1605 457 triumphare

293 499 365 541 jam
385 496 449 530 sibi
467 497 508 529 de
522 507 683 539 oppressa
697 496 842 528 veritate
856 495 963 528 Satan
977 505 1054 527 cum
1066 494 1138 526 suis
1152 493 1363 526 videbatur.”
1404 493 1490 526 Haec
1505 493 1606 526 Beza.

346 572 468 605 Edidit
497 572 615 615 postea
644 571 907 604 commentarios
935 571 1137 613 complures,
1162 574 1202 601 ut
1230 569 1266 601 in
1295 568 1451 601 Psahnos
1479 569 1607 612 aliquot

298 654 448 692 selectos,
466 653 502 685 in
517 652 696 685 Danielem
710 652 925 695 prophetam,
944 651 980 683 in
993 649 1016 682 J
1018 660 1164 683 oannem
1179 649 1453 693 Evangelistam‚
1471 649 1507 681 in
1525 660 1609 681 non-

300 734 410 765 nullas
433 730 610 775 Epistolas
637 731 825 769 Paulinas;
852 734 1039 763 tractatum
1065 728 1233 772 praetereii
1259 729 1437 772 egregium
1461 729 1502 760 de
1527 728 1609 760 Effi-

301 813 369 845 caci
387 811 586 849 Vocatione,
604 814 638 843 et
655 810 808 842 libellum
831 809 1054 841 utilissimiun
1072 808 1113 840 de
1132 807 1274 839 Foedere
1293 806 1357 839 Dei
1381 811 1415 839 et
1433 808 1473 839 de
1492 806 1609 839 Sacra-

302 892 425 924 mentis
441 901 450 930 ς
475 891 535 933 qui
553 900 681 927 omnes,
704 899 774 921 non
792 887 894 920 modo
911 888 947 920 in
965 886 1089 925 Scotia,
1107 886 1166 919 sed
1183 890 1217 918 et
1236 886 1329 928 apud
1346 890 1479 919 exteras
1498 887 1607 930 regio-

302 982 372 1009 nes,
386 981 455 1004 non
472 970 599 1003 minori
618 969 778 1001 Ecclesiae
791 969 1032 1006 emolumento,
1046 965 1150 1009 quam
1163 965 1312 998 nominis
1327 967 1381 999 sui
1395 971 1607 1003 ornamento,

304 1052 492 1084 multorum
510 1049 669 1082 manibus
687 1053 857 1082 teruntur.

352 1131 493 1164 Rolloco
519 1130 572 1162 his
595 1134 648 1163 tot
671 1129 845 1172 tantisque
869 1129 1016 1173 negotiis
1044 1126 1137 1171 (quae
1155 1130 1331 1162 hominem
1357 1132 1471 1161 totum
1489 1128 1543 1160 vel
1562 1129 1611 1159 vi-

304 1210 570 1255 gilantissimum
602 1209 775 1246 distinere,
806 1213 839 1240 et
869 1208 1171 1250 occupatissimum
1207 1209 1348 1240 reddere
1378 1208 1530 1250 possent)
1562 1208 1614 1239 in-

305 1289 495 1328 cumbente,
514 1289 676 1332 imposita
691 1293 743 1321 est
761 1292 928 1331 praeterea
945 1288 1127 1320 necessitas
1141 1288 1338 1331 capessendi
1356 1288 1539 1320 ministerii
1557 1298 1614 1320 ur-

307 1370 397 1407 bani,
426 1369 491 1402 hac
516 1369 712 1402 occasione:
743 1367 832 1400 Erat
853 1368 929 1412 jam
949 1368 1070 1400 civitas
1094 1371 1177 1406 tota,
1201 1368 1375 1400 communi
1399 1372 1471 1400 tam
1499 1366 1615 1400 Eccle-

307 1449 435 1483 siastici
463 1450 568 1493 quam
594 1449 717 1482 urbani
743 1454 882 1481 senatus
917 1459 1095 1486 consensu,
1128 1449 1294 1481 suadente
1328 1448 1431 1480 etiam
1463 1448 1615 1485 Rollooe,

308 1532 344 1562 in
361 1535 437 1563 octo
460 1530 558 1573 quasi
576 1528 754 1572 parochias
772 1528 904 1560 divisa:
934 1528 1079 1572 singulis
1098 1527 1268 1570 parochiis
1286 1527 1525 1570 praeficiendus
1544 1532 1615 1560 erat

308 1622 390 1644 suus
417 1615 544 1654 pastor,
570 1611 630 1653 qui
657 1610 764 1653 ipsius
790 1619 909 1642 curam
934 1608 1085 1641 haberet.
1129 1608 1241 1640 Erant
1268 1613 1343 1640 tum
1369 1609 1406 1640 in
1431 1608 1515 1641 urbe
1541 1619 1617 1651 pas-

309 1697 410 1729 tores,
436 1691 503 1723 viri
527 1690 665 1733 quidem
692 1688 810 1733 magni
833 1687 995 1725 nominis,
1017 1691 1050 1720 et
1074 1688 1110 1720 in
1136 1686 1244 1720 officio
1270 1698 1332 1719 suo
1358 1687 1616 1731 vigilantissimi

309 1782 348 1804 ac
368 1770 567 1807 fidelissimi,
589 1768 647 1801 sed
664 1778 734 1801 non
758 1778 797 1800 eo
814 1777 958 1800 numero
976 1766 1036 1809 qui
1054 1770 1106 1799 tot
1128 1766 1298 1809 parochiis
1322 1765 1500 1798 sufficeret.
1550 1765 1618 1798 Ita-

311 1862 377 1894 que
410 1851 447 1883 in
473 1850 654 1883 Rollocum
680 1849 835 1881 omnium
865 1847 953 1880 oculi
981 1847 1135 1891 conjecti,
1163 1857 1241 1878 eum
1270 1846 1335 1878 sibi
1362 1850 1534 1888 pastorem
1561 1856 1618 1877 ex-

312 1938 456 1976 petunt3
483 1943 561 1965 cum
581 1943 621 1964 eo
647 1930 737 1964 serio
759 1934 869 1974 agunt
887 1929 989 1961 vellet
1012 1929 1084 1971 ipse
1106 1928 1149 1960 ad
1169 1932 1240 1960 tam
1266 1932 1423 1960 sanctum
1446 1938 1485 1960 ac
1510 1928 1618 1971 prope

311 2012 539 2046 necessarium
561 2021 646 2054 opus
669 2009 847 2042 divisionis
871 2007 1112 2051 parochiarum
1138 2006 1411 2050 promovendum
1435 2006 1620 2039 ministeri-

313 2103 372 2126 um
399 2091 580 2134 suscipere,
611 2100 649 2123 ac
674 2088 845 2133 parochiae
870 2087 974 2120 unius
1000 2097 1118 2119 curam
1145 2096 1274 2130 gerere.
1325 2084 1497 2118 Omnibus
1527 2086 1618 2119 enim
