1905 2746
655 325 695 356 D.
713 323 916 356 ROBERTI
931 323 1144 355 ROLLOCI.

385 433 480 464 Nemo
496 432 583 474 sequi
598 439 634 463 ut
649 443 745 463 sanus
761 431 824 462 vivi
840 430 971 471 vestigia
987 430 1075 466 nolit,

424 494 463 524 Et
480 494 623 534 propiore
639 492 719 523 mori
735 491 874 522 Numine
889 502 982 521 nemo
997 490 1081 521 velit.

729 613 971 644 ΕΡΙΡΠΟΝΕΜΑ.

603 676 633 706 O
649 684 690 705 TE
707 679 810 704 satum
826 671 979 708 foeliciter,

604 734 778 778 Fetumque
790 739 820 764 te
836 732 967 769 sencias,

603 795 822 835 Functumque
837 791 1025 823 foelicissime

603 855 716 885 Noster
732 855 822 890 Cato,
840 853 942 890 Plato,
959 852 1074 882 Numa.

645 915 674 946 O
691 920 738 945 ter
753 915 879 945 beatum
895 917 926 943 et
939 912 1073 952 amplius

605 975 645 1005 Et
662 974 735 1011 vita,
753 980 783 1005 et
799 978 880 1010 ortu,
899 978 929 1003 et
944 972 1065 1007 funere,

604 1035 684 1070 Quis
700 1041 730 1065 te
745 1034 875 1064 referret
890 1032 1033 1068 aemulus,

604 1094 742 1131 Rolloce,
759 1099 865 1124 noster
881 1092 1001 1133 indiges
1015 1091 1022 1122 !

655 1151 855 1190 AEtermim
872 1153 969 1188 salz-e
985 1156 1090 1199 atque
1108 1152 1195 1192 vale,
1221 1173 1235 1179 -
1260 1173 1273 1180 -

733 1244 744 1249 -
788 1243 803 1249 -
843 1220 968 1255 Decus
986 1219 1107 1254 addite
1125 1218 1244 1253 Divis.

912 1286 1096 1316 HERCULES
1112 1284 1301 1315 RoLLocus.

396 1419 552 1449 Rossmm
569 1417 720 1448 Ronom
737 1416 918 1446 THEOLom
936 1415 1193 1445 Ennmunosm
1214 1423 1314 1443 mons.

419 1521 570 1550 ROLLOCI
588 1520 737 1550 aethereas
753 1519 946 1560 emigratura
961 1529 1016 1559 per
1030 1528 1133 1553 auras,

460 1580 544 1610 Cfim
560 1580 641 1610 foret
655 1580 695 1610 ad
711 1590 870 1610 summum
886 1589 974 1609 mens
989 1577 1050 1619 pia,
1067 1587 1155 1618 pura,
1172 1577 1279 1617 polum
1292 1588 1298 1605 ε

417 1641 509 1671 Mens
525 1651 594 1670 mea
609 1640 711 1681 perfer
725 1639 827 1670 adhuc
843 1645 873 1669 te
889 1650 972 1669 coeeo
987 1638 1045 1668 hoc
1061 1648 1184 1668 carcere
1200 1636 1303 1667 claudi
1317 1649 1322 1665 :

458 1701 566 1731 Exibis
578 1700 645 1742 jam
657 1700 724 1741 jam
740 1700 855 1730 libera:
873 1710 964 1740 carpe
979 1697 1130 1739 gradum;

412 1762 501 1792 Dixit
514 1773 520 1791 :
546 1766 577 1792 et
592 1771 758 1802 erumpens
773 1759 834 1791 ist&
848 1770 997 1801 campage
1012 1758 1117 1789 soluta

456 1822 603 1862 Corporis
619 1821 754 1852 exanimi
770 1831 843 1850 mox
857 1820 942 1850 videt
957 1830 1012 1849 ora
1026 1818 1097 1849 Dei.

753 1878 945 1918 Epigramm.
961 1877 1111 1908 JOANNIS
1127 1875 1291 1906 DUNBARI
1309 1877 1401 1908 Ceut.
1421 1878 1478 1908 V1.
1496 1881 1545 1908 44.

1007 1933 1122 1973 [Lond.
1141 1935 1232 1970 1616,
1250 1937 1336 1973 8vo.]

1564 320 1598 345 sk
