1905 2746
810 314 1066 345 EPITAPHIA.

700 422 751 452 Ad
766 421 906 452 veritatis
920 421 1027 451 littora

701 482 878 522 Enaw'gare
893 481 1107 512 instruxerat?

659 543 703 572 At
718 542 768 572 hic
784 541 815 571 id
831 546 878 572 est
894 541 1094 577 discriminis,

702 602 795 638 Quod
810 606 901 632 noete
916 601 1002 630 sidus
1018 601 1075 630 hae
1091 601 1192 630 latens

702 661 791 691 Idem
806 665 963 701 sequente,
981 670 1078 700 purus
1093 665 1140 689 est

703 721 737 750 Si
753 720 890 762 Jupiter,
907 719 1091 750 renascitur.

660 780 820 816 Rollocus,
838 780 899 810 heu
913 778 919 810 !
943 779 997 809 sed
1012 778 1135 814 occidit,

702 841 766 871 Nec
782 841 866 871 orbis
881 844 954 870 ante
970 839 1140 870 terminum

702 901 839 937 Redibit,
857 900 924 941 ejus
939 898 1073 941 amplius

702 961 785 991 Cum
800 960 870 991 luce
884 971 948 990 non
964 959 1132 1000 egebimus.

660 1022 751 1052 Nunc
763 1021 835 1061 jure
852 1021 938 1051 Scoti
953 1020 1087 1050 dicimur

701 1081 816 1111 Densis
831 1080 968 1111 tenebris
983 1079 1106 1114 obruti3

703 1141 772 1171 Hoc
788 1140 930 1171 destituti
945 1140 1045 1170 sidere

691 1201 784 1237 Quod
800 1211 856 1231 nos
873 1201 983 1231 beabat
998 1199 1125 1229 lumine.

913 1318 1038 1347 Amul).

662 1379 840 1409 Rottocus
855 1377 907 1407 ille
923 1377 1001 1406 vixit
1016 1377 1076 1407 heu
1091 1377 1096 1407 !

707 1435 772 1471 Qui
787 1434 947 1465 diffluebat
963 1434 1073 1464 rivulis

704 1495 810 1525 Laetis
824 1494 980 1536 perenniS,
997 1505 1053 1524 ceu
1068 1505 1179 1535 parens

704 1555 756 1585 Ad
771 1554 946 1595 irrigandos
960 1553 1083 1584 liberos.

662 1615 748 1645 Vixit
763 1614 768 1645 !
793 1614 889 1645 fleant
904 1613 1059 1644 alumnuli

706 1674 797 1704 Cassi
812 1674 863 1714 pio
877 1674 935 1703 hoc
951 1673 1105 1708 nutrici03

706 1734 748 1763 Et
763 1733 863 1763 imbre
878 1732 1010 1762 fletuum
1024 1732 1127 1772 rigent

706 1792 852 1823 Scholam
867 1803 923 1822 sua
934 1791 1131 1822 incunabula.

664 1852 727 1883 Pro
742 1852 832 1889 lacte,
849 1851 952 1888 melle,
969 1856 1105 1887 nectare,

707 1912 801 1948 Quod
815 1923 868 1942 ore
883 1912 921 1942 ab
937 1911 1003 1952 ejus
1019 1910 1179 1941 hauserint

705 1972 797 2002 Nunc
812 1982 882 2002 rore
897 1971 988 2008 salso,
1006 1976 1036 2001 et
1051 1970 1219 2011 lachrymis

665 2032 743 2073 Ejus
758 2036 923 2073 parentent
938 2031 1091 2062 manibus.
