1905 2746
308 323 354 357 26
647 322 758 351 VITA
785 321 846 350 ET
872 321 998 351 MORS
1022 320 1235 350 ROLLOCI.

311 438 460 480 increpa,
486 447 588 469 mone
619 437 725 469 alium
751 441 906 479 capessat
932 437 1013 468 vitae
1036 437 1224 474 tramitem,
1250 434 1379 477 alioqui
1400 435 1493 467 nulla
1517 435 1545 466 ei
1570 446 1622 467 sa-

312 520 376 556 lus,
395 519 585 552 certissima
602 519 713 551 ruina.
765 518 934 560 Deinceps
952 517 1001 550 illi
1021 528 1133 550 sermo
1155 521 1361 555 contractus,
1379 528 1447 549 non
1465 516 1621 553 diffusus,

314 599 418 632 verba
440 605 557 632 tamen
580 599 685 632 fortia
703 610 741 632 ac
762 598 918 635 efficacia,
940 597 1106 641 gaudium
1128 598 1261 629 coeleste
1283 597 1451 639 spirantia
1469 607 1507 628 ae
1524 597 1620 628 redo-

313 681 440 719 lentia;
459 680 523 713 sub
541 681 624 713 vitae
642 680 744 712 finem
758 679 911 722 placidus
930 678 1071 721 quidam
1090 688 1231 711 somnus
1249 679 1380 721 irrepit,
1394 677 1544 720 quicum
1561 678 1621 709 ali—

314 762 468 803 quandiu
486 771 563 793 eum
584 760 828 803 occupavisset,
846 759 977 802 placide
998 769 1037 791 ac
1054 759 1207 791 suaviter
1225 758 1379 791 Creatori
1397 768 1435 790 ac
1453 758 1623 800 Redemp-

311 843 376 873 tori
389 853 452 874 suo
463 842 613 874 animam
628 841 854 874 commendat.
882 839 931 873 Et
944 841 1103 883 quamvis
1113 841 1296 877 extinctus,
1310 845 1408 872 notas
1422 844 1537 872 tamen
1552 839 1620 871 oris

312 924 421 964 pallor
431 933 501 955 non
514 921 755 960 confundebat,
767 932 887 954 verum
899 926 1089 964 temperato
1100 922 1248 963 quodam
1259 921 1383 953 rubore
1395 920 1621 963 perfundeba-

312 1009 379 1035 tur.
430 1003 520 1047 Ejus
538 1004 693 1036 decessus
717 1002 820 1041 fama,
841 1007 988 1045 quantas
1006 1002 1210 1045 lachrymas,
1227 1007 1312 1044 quot
1329 1002 1477 1044 suspiria
1494 1012 1532 1033 ac
1550 1002 1618 1034 sin-

309 1086 426 1128 gultus
440 1095 501 1127 per
511 1085 709 1117 universam
720 1084 840 1116 urbem
852 1094 890 1116 ac
908 1085 1082 1128 regionem
1094 1083 1282 1120 concitarit,
1300 1083 1410 1114 relatu
1428 1082 1497 1114 fere
1511 1083 1617 1114 incre-

308 1165 420 1198 dibile.
473 1165 593 1197 Funus
612 1165 734 1209 majori
753 1176 858 1208 quam
875 1175 1030 1207 unquam
1044 1163 1241 1207 Edinburgi
1267 1163 1471 1201 celebritate,
1495 1174 1614 1205 quam-

310 1248 360 1279 vis
388 1247 589 1289 prohibente
615 1250 828 1289 tempestate,
846 1247 1048 1278 decoratur:
1076 1244 1274 1277 Turmatim
1301 1245 1391 1277 enim
1415 1250 1484 1277 tam
1510 1244 1614 1276 subli-

310 1329 374 1360 mis
391 1338 495 1371 quam
514 1327 654 1370 plebeiae
672 1328 774 1360 sortis
792 1327 948 1360 homines
966 1327 1009 1359 ad
1027 1326 1111 1358 illud
1130 1326 1323 1358 ornandum
1342 1324 1586 1358 confluxerant.
