1905 2746
684 321 889 351 ROBERTI
915 321 1128 351 ROLLOCI.
1537 326 1583 360 37

266 436 431 474 nationes,
446 436 611 467 salutares
629 435 730 473 eruit,
748 445 817 467 non
835 435 1003 467 sermonis
1021 433 1100 466 fuco
1118 433 1292 471 obductas,
1307 443 1426 466 verum
1446 439 1581 467 senten-

263 517 389 549 tiarum
403 515 552 558 pondere
569 525 608 547 ac
624 515 796 559 gravitate
814 514 962 547 efficaces
980 515 1023 546 ad
1041 514 1310 546 adolescentium
1325 514 1458 546 animos
1473 516 1577 546 emol-

262 595 402 633 liendos,
413 595 641 627 instituendos
658 598 691 626 et
705 594 747 626 ad
765 593 1027 626 sanctimoniam
1042 593 1281 626 efformandos.
1310 592 1427 636 Hujus
1439 593 1577 635 praelec-

263 677 365 709 tionis
391 680 489 709 tanta
514 676 582 709 fuit
605 676 751 708 efficacia
774 680 814 708 ut
837 686 877 707 ea
899 675 1166 707 adolescentium
1191 675 1299 707 animi
1321 673 1450 707 arctiiis
1472 685 1576 717 quam

262 756 426 798 asperiori
444 756 559 798 aliqua
576 756 755 798 disciplina
773 756 808 787 in
828 754 936 787 officio
953 755 1221 787 continerentur.
1247 753 1419 786 Absoluta
1436 754 1576 796 praelec-

262 836 355 868 tione
385 836 530 868 scrutari
556 835 677 867 deinde
705 835 807 877 coepit
832 845 874 866 ex
900 834 1107 872 censoribus,
1125 845 1211 876 quos
1236 834 1278 866 ad
1308 834 1431 866 delicta
1458 834 1576 877 singu-

262 916 372 947 lorum
391 915 427 946 in
445 915 515 947 suis
534 913 697 946 classibus
716 913 930 946 observanda
955 911 1162 951 nominarat,
1188 923 1273 956 quos
1300 924 1340 945 ea
1362 913 1576 946 hebdomada

261 995 438 1027 notassent
456 994 716 1037 delinquentes:
744 994 874 1026 delatos
898 1003 1033 1025 summa
1057 993 1262 1025 dexteritate
1283 992 1464 1035 increpuit,
1487 993 1574 1025 iram

261 1073 325 1105 Dei
344 1078 423 1106 ante
441 1074 554 1106 oculos
572 1073 762 1116 proposuit,
780 1073 953 1105 dedecoris
974 1075 1071 1105 metu
1092 1072 1257 1104 attonitos
1279 1072 1428 1104 reddidit
1446 1071 1571 1115 quibus

260 1153 337 1194 plus
356 1153 399 1185 ad
417 1153 643 1195 penitentiam
661 1157 695 1185 et
712 1153 796 1185 vitae
814 1152 1090 1184 emendationem
1114 1152 1205 1194 apud
1228 1162 1284 1184 eos
1308 1151 1453 1194 profecit
1471 1151 1574 1195 quam

260 1232 288 1264 si
307 1232 400 1265 mille
417 1233 537 1276 plagas
555 1231 746 1264 inflixisset.
789 1231 924 1270 Quibus
942 1232 1034 1264 enim
1049 1232 1196 1264 aliorum
1210 1242 1272 1263 nec
1289 1231 1403 1269 verba,
1422 1242 1482 1263 nec
1501 1242 1576 1264 ver-

258 1312 338 1344 bera
356 1312 508 1344 dolorem
531 1311 663 1349 afferre,
688 1312 857 1354 lacrymas
882 1316 1040 1343 excutere
1062 1310 1265 1353 quivissent,
1288 1311 1458 1342 coelestem
1484 1310 1570 1343 iram

260 1391 460 1429 intonando,
485 1390 619 1422 blandis
649 1390 827 1433 promissis
854 1390 1046 1428 mulcendo,
1071 1390 1119 1422 sic
1145 1401 1201 1422 eos
1228 1390 1362 1427 terruit,
1389 1391 1571 1428 concussit,

259 1471 457 1513 prostravit,
475 1474 515 1502 ut
538 1470 696 1512 suspiria,
722 1469 907 1513 singultus,
932 1469 1106 1502 interdum
1132 1468 1237 1501 etiam
1260 1468 1359 1501 fletus
1380 1469 1572 1502 uberrimos

258 1554 482 1593 expromeret.
536 1548 627 1581 Illud
644 1553 760 1581 autem
777 1549 812 1581 in
830 1559 869 1580 eo
887 1547 954 1580 fuit
972 1549 1106 1592 insigne
1126 1548 1218 1591 quod
1236 1548 1308 1580 sive
1326 1548 1569 1590 promissiones

258 1628 471 1672 evangelicas
489 1632 704 1670 proponeret,
722 1627 794 1660 sive
812 1625 929 1660 severe
942 1627 1074 1670 judicia
1097 1626 1328 1664 minitaretur,
1345 1627 1395 1659 ita
1412 1637 1447 1659 se
1465 1628 1571 1660 inter-

259 1708 341 1740 dum
359 1708 462 1740 etiam
478 1707 678 1750 nequissimi
692 1707 808 1740 animo
822 1705 1000 1748 (adversus
1015 1717 1118 1750 quem
1132 1703 1432 1739 vehementissime
1446 1718 1568 1740 excan-

259 1788 402 1830 duisset)
421 1787 611 1820 insinuavit
629 1792 668 1819 ut
685 1786 866 1830 profusum
884 1787 958 1831 ejus
976 1787 1013 1819 in
1030 1797 1065 1819 se
1079 1797 1231 1819 amorem
1247 1787 1439 1824 derivaret;
1459 1798 1569 1830 neque

260 1873 330 1899 tam
348 1872 442 1899 metu
460 1866 564 1909 quam
582 1877 697 1899 amore
715 1867 759 1899 ad
780 1867 977 1899 ultroneum
1001 1866 1204 1909 obsequium
1227 1866 1429 1898 traduceret.
1481 1865 1570 1898 Con-

259 1947 373 1978 suevit
390 1946 493 1978 etiam
511 1946 656 1990 singulis
681 1945 915 1984 hebdomadis,
934 1946 988 1977 vel
1013 1949 1052 1977 ut
1077 1945 1207 1977 occasio
1230 1944 1370 1982 ferebat,
1397 1944 1567 1989 Regentes

260 2035 457 2062 convocare,
476 2029 515 2057 ut
534 2024 624 2056 inter
641 2035 676 2057 se
694 2024 899 2057 conferendo
913 2024 1147 2056 consultarent
1161 2027 1194 2056 et
1213 2023 1418 2066 dispicerent
1436 2024 1465 2056 si
1482 2024 1565 2067 quid

260 2103 503 2137 reformatione
520 2114 605 2146 opus
623 2102 773 2141 haberet,
792 2107 852 2136 aut
869 2103 905 2136 in
922 2103 1044 2136 melius
1058 2102 1186 2135 mutari
1200 2106 1313 2145 posset
1328 2111 1336 2134 z
1353 2113 1422 2145 quo
1435 2101 1565 2136 factum
