1905 2746
622 309 827 340 ROBERTI
851 309 1064 339 ROLLOCI.
1485 303 1507 337 7

202 425 364 458 referunt.
396 423 552 456 *Senatus
565 423 624 456 ubi
642 423 706 456 hoc
722 423 888 460 rescisset,
906 421 1030 454 blande
1044 421 1271 453 ROLLOCUM
1289 422 1424 459 invitat,
1443 422 1512 453 vel-

205 506 251 537 let
268 509 404 537 tantum
421 513 517 546 opuS,
535 513 612 536 cum
630 503 674 535 ad
698 502 872 539 Ecclesiae,
895 505 971 534 tum
995 500 1207 544 Reipublicae
1233 501 1367 544 insigne
1385 502 1512 532 emolu-

205 587 359 616 mentum
378 582 557 625 auspicari,
571 592 606 614 se
623 581 719 614 nulla
735 581 772 613 in
789 591 825 613 re
843 581 873 613 ei
891 579 1102 618 defuturum,
1120 579 1379 623 quibuscunque
1398 582 1511 621 posset

205 661 321 694 officiis
335 665 550 698 ornaturum,
574 660 713 692 tandem
737 660 811 703 ejus
834 659 1022 692 adventum
1047 659 1219 701 impetrat.
1270 658 1375 690 Anno
1393 658 1509 689 eodem

205 741 450 785 Edinburgum
484 740 613 784 trajicit
647 740 870 777 ROLLOCUS,
897 738 1173 781 humaniterque,
1204 736 1257 777 (ut
1286 748 1349 780 par
1375 738 1461 777 erat)
1492 747 1512 768 a

205 820 334 852 Senatu
351 820 528 862 excipitur.

254 898 399 931 Ineunte
431 898 554 940 hyeme
580 897 793 940 provinciam
818 897 907 929 hanc
933 896 1098 934 adoritur,
1126 897 1334 939 classemque
1364 896 1435 938 ipse
1462 896 1513 927 in-

204 977 326 1010 choat:
353 978 493 1021 vulgata
519 981 634 1009 autem
660 976 752 1009 fama
778 980 899 1009 erectae
927 975 1124 1019 Edinburgi
1147 973 1356 1012 Academiae,
1383 979 1512 1006 turma-

204 1057 267 1089 tim
298 1067 339 1088 ex
369 1055 528 1088 omnibus
554 1056 651 1099 regni
678 1056 814 1100 angulis
839 1054 1085 1099 Edinburgum
1113 1053 1291 1086 confluunt
1313 1053 1373 1096 qui
1397 1053 1512 1085 studia

208 1135 448 1178 Philosophica
465 1134 671 1173 ambiebant,
689 1135 725 1167 in
742 1145 847 1166 unam
867 1134 1007 1166 classem
1025 1134 1227 1166 coalescunt.
1270 1132 1327 1164 Ex
1341 1133 1382 1165 iis
1397 1136 1511 1164 autem

206 1217 386 1258 plerosque
403 1216 525 1248 laxiori
544 1215 734 1248 trivialium
752 1215 947 1247 scholarum
964 1215 1144 1257 disciplina
1161 1214 1313 1252 effrenes,
1338 1215 1373 1246 in
1394 1214 1512 1246 limine

205 1295 317 1339 rigida
334 1295 515 1328 severitate
532 1295 620 1328 mire
637 1295 854 1337 compescuit,
872 1294 1090 1327 severitatem
1107 1298 1223 1326 tamen
1241 1294 1345 1326 insita
1362 1294 1510 1336 quadam

205 1374 270 1407 sibi
288 1375 467 1407 clementia
483 1375 670 1418 prudenter
687 1373 892 1416 temperavit
908 1385 915 1406 ε
942 1373 1132 1406 doctrinam
1151 1377 1267 1406 autem
1285 1384 1353 1416 qua
1371 1384 1426 1405 eos
1450 1374 1512 1405 im-

204 1453 290 1491 buit,
307 1453 521 1495 disciplinam
539 1463 607 1495 qua
624 1453 782 1490 coercuit,
801 1452 991 1495 Religionis
1010 1452 1226 1484 condimento
1244 1452 1292 1484 sic
1309 1452 1456 1490 miscuit,
1470 1457 1509 1484 ut

203 1533 367 1577 guttatim
386 1533 518 1565 tenellis
531 1532 702 1576 juvenum
721 1531 843 1563 animis
862 1531 1023 1573 pietatem
1042 1531 1233 1563 instillaret.
1277 1530 1319 1562 In
1336 1531 1400 1563 hoc
1417 1532 1508 1563 enim

201 1611 359 1654 inprimis
376 1622 493 1643 omnes
511 1621 634 1643 nervos
652 1609 801 1642 intendit
817 1613 857 1642 ut
875 1609 1058 1652 discipulos
1076 1619 1155 1641 suos
1173 1609 1409 1641 sanctimoniae
1431 1610 1509 1642 cha-

199 1695 328 1724 ractere
353 1691 544 1735 insigniret,
570 1700 632 1722 nec
655 1693 816 1722 conatum
845 1693 916 1720 tam
942 1689 1038 1731 pium
1065 1698 1238 1720 successus
1264 1687 1507 1727 frustrabatur,

199 1775 335 1803 tantum
361 1770 529 1813 siquidem
555 1768 818 1806 hortationibus,
845 1767 1121 1810 praelectionibus
1147 1768 1261 1806 sacris,
1287 1768 1411 1811 quibus
1439 1770 1505 1801 alia

199 1850 311 1882 studia
333 1849 547 1887 distinxerat,
564 1847 719 1891 profecit,
744 1851 784 1880 ut
810 1847 967 1879 efferatos
982 1847 1153 1890 juvenum
1177 1848 1309 1879 animos
1333 1848 1502 1886 cicurarit,

197 1940 235 1961 ac
252 1929 289 1961 in
306 1928 414 1961 sancti
431 1928 584 1971 obsequii
607 1937 733 1971 gyrum
757 1927 936 1970 redegerit.
988 1925 1057 1958 Ubi
1082 1926 1307 1968 quadriennio
1331 1927 1373 1957 ad
1395 1927 1501 1958 curri-

195 2009 261 2040 culi
281 2007 512 2049 Philosophici
529 2007 660 2039 exitum
678 2007 819 2038 classem
836 2005 925 2038 hanc
945 2006 1171 2048 perduxisset,
1189 2006 1262 2048 ejus
1280 2006 1433 2049 singulos
1456 2008 1497 2038 ad

195 2086 458 2120 examinationis
476 2086 639 2118 amussim
658 2089 805 2124 exactos,
830 2085 956 2123 laurea,
979 2096 1083 2127 quam
1108 2085 1344 2128 Magistralem
1364 2091 1496 2124 vocant,

192 2168 341 2200 donavit.
