1905 2746
288 319 333 350 34
749 314 862 345 VITA
885 314 946 344 ET
970 314 1137 344 OBITUS

282 434 439 462 octavam
458 439 526 471 qua
539 428 696 461 adeunda
709 432 782 460 erat
796 429 922 466 concio,
933 438 989 461 eos
1003 427 1167 461 continuo
1184 427 1346 465 exercuit,
1359 430 1393 459 et
1411 426 1429 459 a
1444 427 1586 459 meridie

280 520 321 541 ex
338 520 406 552 quo
424 509 445 541 a
461 508 696 551 pomeridiana
718 508 877 541 concione
900 508 1049 540 reditum
1073 511 1124 539 est
1149 507 1239 550 (post
1262 506 1425 549 repetitas
1449 516 1533 548 quas
1552 506 1588 538 in

282 589 410 631 templo
428 588 608 620 audierant
625 588 815 629 conciones)
834 587 1001 619 rationem
1020 585 1187 630 exigebat.
1235 585 1368 617 Deinde
1388 584 1589 618 Catechesin

279 667 494 700 Palatinatus
506 677 623 700 eorum
638 666 810 698 mentibus
822 666 1004 710 diligenter
1017 665 1213 702 inculcavit,
1227 669 1261 697 et
1272 669 1386 697 textus
1398 664 1585 707 Scripturae

277 749 416 780 selectos
434 745 613 790 perspicue
630 747 876 789 interpretatus
894 750 956 781 est,
972 745 1127 777 adhibita
1140 745 1245 777 etiam
1258 748 1416 777 accurata
1430 746 1561 787 analysi
1576 755 1584 783 ;

277 838 346 870 qua
370 826 532 859 facillime
558 830 709 859 mentem
743 825 892 869 Spiritus
923 825 1039 858 Sancti
1069 825 1203 868 assequi
1232 829 1371 868 possent
1385 834 1395 856 t
1429 824 1584 867 nihilque

277 907 392 939 omisit
406 917 523 939 eorum
536 916 615 949 quae
633 906 676 938 ad
689 904 755 937 Dei
769 905 998 949 cognitionem
1011 909 1044 937 et
1055 905 1215 937 timorem
1233 904 1499 937 adolescentium
1513 904 1585 936 ani-

276 986 342 1018 mis
360 985 629 1028 imprimendum
647 983 757 1016 facere
774 985 906 1026 possint
924 983 1048 1027 quibus
1070 984 1177 1026 ipsius
1198 983 1371 1015 laboribus
1396 982 1486 1015 felici
1511 993 1585 1015 suc-

277 1075 373 1097 cessu
390 1063 526 1097 abunde
550 1063 725 1096 benedixit
750 1063 854 1095 Deus.
905 1062 1027 1106 Neque
1050 1067 1166 1095 tamen
1190 1062 1261 1095 haec
1279 1066 1375 1095 tanta
1399 1062 1435 1094 in
1458 1063 1581 1095 studiis

275 1144 413 1186 pietatis
436 1143 598 1176 sedulitas
617 1143 801 1185 quicquam
824 1146 993 1175 remorata
1013 1146 1064 1174 est
1085 1142 1258 1174 ordinaria
1275 1141 1501 1173 humanitatis
1520 1145 1580 1173 aut

274 1223 500 1266 philosophiae
518 1223 641 1255 studia.
693 1221 785 1254 Nam
802 1226 874 1254 toto
892 1222 1109 1264 quadriennii
1130 1221 1310 1259 curriculo,
1338 1225 1520 1263 postquam
1545 1221 1581 1252 in

274 1300 410 1334 Graecae
424 1302 553 1345 linguae
567 1301 761 1345 cognitione
775 1300 882 1343 probe
899 1311 955 1333 eos
972 1301 1190 1339 instituisset,
1208 1310 1344 1332 summa
1357 1310 1440 1332 cura
1453 1304 1487 1332 et
1501 1300 1579 1332 soli-

273 1381 423 1414 citudine
441 1379 639 1413 Aristotelis
657 1383 855 1412 contextum
879 1380 1024 1423 singulis
1044 1379 1268 1412 hebdomadae
1291 1377 1412 1411 diebus
1433 1378 1582 1420 discipu-

272 1462 313 1493 lis
324 1461 493 1504 praelegit,
504 1470 645 1492 exorsus
657 1459 700 1491 ab
713 1458 854 1503 Organo
868 1459 1007 1503 Logico,
1021 1458 1148 1492 Ethica
1162 1458 1429 1491 Nichomacheia
1438 1462 1471 1490 et
1482 1457 1577 1501 Phy-

272 1542 340 1573 sica
365 1541 545 1583 percurrit,
569 1539 694 1582 quibus
716 1540 840 1583 adjecit
863 1540 967 1572 etiam
990 1539 1230 1572 Arithmeticae
1254 1538 1433 1582 principia,
1456 1538 1580 1571 doctri-

273 1632 352 1653 nam
371 1621 411 1652 de
428 1620 617 1652 Anatomia
643 1620 793 1662 corporis
820 1618 974 1657 humani,
992 1620 1033 1651 de
1055 1618 1199 1662 Sphaera
1228 1617 1399 1660 (accurate
1425 1618 1579 1661 exposito

270 1704 368 1733 textu
385 1699 407 1732 J
410 1700 529 1732 oannis
548 1698 600 1730 De
618 1698 721 1731 Sacro
734 1697 868 1741 Bosco),
883 1699 924 1730 de
938 1697 1166 1742 Geographia,
1180 1702 1221 1731 ut
1236 1697 1364 1730 mirum
1379 1698 1487 1730 videri
1501 1708 1578 1739 pos—

269 1781 324 1819 sit,
341 1784 402 1812 aut
418 1779 570 1822 potuisse
587 1788 665 1810 eum
686 1782 757 1810 tam
780 1778 890 1810 multa
913 1778 1041 1815 docere,
1064 1783 1124 1810 aut
1141 1778 1324 1820 discipulos
1351 1777 1493 1814 discere,
1513 1777 1575 1818 qui

271 1867 385 1892 tamen
400 1856 487 1899 (Deo
501 1858 608 1901 ipsius
621 1857 794 1890 laboribus
808 1857 1039 1900 benedicente)
1052 1857 1101 1890 ita
1114 1858 1150 1890 in
1164 1857 1309 1901 singulis
1322 1856 1414 1889 hisce
1429 1855 1578 1898 profece-

270 1943 362 1977 runt,
373 1943 413 1971 ut
423 1949 493 1971 non
502 1938 617 1970 minus
628 1938 740 1980 parati
752 1941 864 1969 essent
875 1937 915 1969 de
926 1947 1132 1980 unoquoque
1143 1937 1311 1970 rationem
1320 1936 1460 1968 reddere
1471 1945 1574 1978 quam

271 2020 298 2050 si
317 2020 347 2050 ei
366 2019 429 2051 soli
450 2018 612 2062 neglectis
634 2017 774 2060 reliquis
795 2016 1031 2049 incubuissent
1049 2025 1056 2048 :
1082 2015 1149 2049 Sed
1169 2016 1206 2048 in
1227 2020 1325 2048 tanta
1342 2015 1516 2048 alacritate
1538 2025 1575 2046 ac

269 2098 462 2130 animorum
488 2097 759 2140 promptitudine
788 2101 918 2139 quanta
941 2100 1015 2129 tum
1041 2097 1078 2128 in
1101 2095 1369 2129 adolescentibus
1397 2094 1464 2127 fuit
1490 2093 1572 2136 quid
