1905 2746
652 301 858 330 ROBERTI
884 301 1095 331 ROLLOCI.
1493 306 1535 336 13

223 418 332 446 retur:
350 416 474 455 praeter
486 415 605 444 votum
617 416 732 444 tamen
740 413 783 444 ad
794 412 930 455 publica
944 413 1081 456 negotia
1092 414 1253 455 pleraque
1265 414 1393 447 invitus
1409 426 1527 448 evoca-

220 492 331 530 batur,
348 502 426 535 quae
439 492 577 535 quidem
594 492 650 524 ille
664 491 802 535 egregia
815 492 1097 534 sanctissimaque
1115 492 1299 534 prudentia
1316 494 1523 535 expedierat.

226 572 401 614 Praecipiti
419 570 526 615 plebis
544 572 617 604 zelo
635 571 784 610 turbata,
801 575 939 604 maturo
956 572 1029 616 ejus
1043 572 1183 604 consilio
1202 573 1237 604 in
1255 573 1410 605 ordinem
1428 574 1534 606 redie«

222 656 304 684 runt
319 663 326 684 :
353 662 431 684 rara
448 652 513 684 zeli
531 652 621 684 socia
638 651 832 693 prudentia,
851 662 912 683 nec
926 651 1082 684 assiduus
1096 652 1290 694 prudentiae
1304 663 1414 685 comes
1429 654 1532 692 zelus,

223 732 402 774 utriusque
420 735 535 763 tamen
554 731 723 774 insignem
748 731 946 773 temperiem
970 731 1160 763 ROLLOCO
1186 732 1357 765 indiderat
1380 733 1440 775 qui
1458 744 1534 766 mu-

222 822 304 843 nera
328 811 432 843 tacito
458 811 615 852 dispertit
643 810 796 848 arbitrio,
823 820 927 852 quam
949 810 1055 842 sensit
1076 821 1153 842 cum
1176 810 1330 844 Ecclesia
1350 816 1425 844 tum
1447 812 1531 845 Res-

220 890 356 933 publica
374 890 550 922 Scoticana
569 900 647 921 cum
666 889 794 933 insigni
812 900 874 921 suo
892 889 1122 922 emolumento
1140 890 1204 922 sibi
1219 892 1414 924 salutarem.

268 968 466 1001 Novissimo
480 969 562 1001 vitae
574 968 711 1001 biennio
722 969 769 1001 sic
781 968 870 1001 curis
882 967 1026 1010 publicis
1041 969 1292 1009 involvebatur,
1303 975 1343 1003 ut
1354 971 1382 1014 ej
1388 982 1427 1003 us
1439 973 1529 1004 vale-

219 1049 302 1081 tudo
316 1048 449 1080 hostilis
468 1048 550 1080 satis
565 1048 672 1080 indies
687 1048 891 1081 labasceret:
917 1049 1063 1081 assiduis
1082 1049 1174 1080 enim
1188 1050 1307 1082 calculi
1322 1050 1528 1084 cruciatibus

218 1126 419 1170 angebatur,
431 1127 598 1159 stomachi
610 1127 809 1160 infirmitate
821 1127 1072 1172 languescebat,
1087 1138 1207 1160 verum
1219 1133 1388 1171 quantum
1395 1130 1527 1173 judicio

216 1206 369 1238 humano
388 1207 549 1249 consequi
567 1207 731 1244 valemus,
753 1207 819 1239 nisi
840 1207 905 1239 hoc
931 1208 1004 1249 ipso
1026 1211 1179 1250 tempore
1204 1208 1367 1241 Ecclesiae
1388 1211 1526 1243 nutanti

215 1296 253 1318 ac
271 1286 479 1329 periclitanti
497 1297 601 1330 opera
618 1297 681 1319 sua
706 1286 931 1325 subvenisset,
954 1287 989 1318 in
1016 1287 1233 1319 miseriarum
1256 1288 1432 1321 Oceanum
1451 1300 1526 1332 pes-

214 1365 361 1398 sundata
378 1365 508 1398 fuisset.
545 1365 744 1399 Inconsulto
762 1370 905 1398 armatae
923 1366 1030 1408 plebis
1049 1377 1226 1405 concrusu,
1241 1367 1347 1411 Regis
1365 1379 1404 1401 ac
1421 1368 1525 1402 Sena-

215 1450 329 1477 torum
341 1445 393 1477 ira
410 1445 708 1478 vehementissime
726 1446 863 1483 exarsit,
878 1456 946 1488 quo
964 1445 1093 1478 factum
1112 1450 1151 1478 ut
1166 1445 1319 1479 Ecclesia
1336 1452 1371 1480 et
1389 1448 1522 1493 Respu-

215 1523 301 1557 blica
330 1525 365 1556 in
395 1529 611 1567 praeruptum
644 1530 677 1557 et
707 1536 829 1567 anceps
859 1525 1050 1567 periculum
1078 1525 1318 1559 devolveretur
1332 1539 1339 1559 ;
1366 1530 1521 1572 squalida

213 1603 303 1636 enim
322 1614 360 1636 ac
377 1603 533 1648 lugubris
546 1615 662 1637 rerum
680 1604 829 1636 conditio
846 1614 925 1646 quae
939 1608 1014 1636 tum
1028 1605 1191 1647 temporis
1205 1611 1376 1645 evenerat,
1390 1613 1521 1642 trucem

213 1682 560 1726 lachrymabilemque
577 1683 698 1716 faciem
722 1683 955 1726 spectantibus
973 1683 1146 1726 praebuit:
1173 1695 1250 1717 cum
1276 1686 1312 1718 in
1336 1687 1446 1720 turbis
1464 1689 1518 1722 his

212 1763 453 1805 componendis
475 1764 665 1806 complures
691 1774 830 1805 operam
855 1767 890 1796 et
915 1764 1028 1795 oleum
1052 1764 1290 1806 perdidissent,
1317 1767 1426 1800 eluxit
1445 1773 1520 1801 tan-

215 1842 303 1880 dem,
317 1846 482 1885 tanquam
500 1843 593 1875 sidus
611 1843 771 1881 salutare,
783 1844 998 1876 sanctissima
1013 1843 1193 1876 ROLLOOE
1208 1846 1400 1887 prudentia.
1442 1847 1518 1881 Pie-

212 1926 281 1953 tate
299 1931 337 1953 ac
355 1922 532 1964 sapientia,
555 1922 750 1955 humilitate
772 1923 928 1961 conditis,
952 1927 1088 1956 tantum
1115 1923 1217 1968 Regii
1241 1926 1387 1967 pectoris
1406 1937 1517 1969 posse-

208 2000 314 2038 derat,
326 2004 365 2033 ut
376 2000 449 2044 ejus
461 2002 614 2034 animum
626 2002 662 2034 in
673 2001 939 2047 Edinburgenos
950 2004 1157 2046 asperiorem
1169 2003 1312 2041 lenierit,
1324 2003 1513 2040 Ecclesiam

211 2090 252 2111 ex
266 2080 431 2117 incendio,
446 2079 707 2122 Rempublicam
725 2092 767 2113 ex
785 2081 1050 2126 conflagratione
1064 2082 1206 2114 eruerit:
1226 2081 1393 2119 Quamvis
1411 2084 1513 2119 ROL-
