1905 2746
320 322 365 351 20
805 318 917 347 VITA
940 318 1001 347 ET
1026 318 1061 347 M
1067 318 1149 347 ORS

323 437 395 464 tore
419 431 589 463 uberrime
614 431 740 469 hausit,
765 429 1032 473 professorisque
1059 428 1289 470 philosophici
1316 437 1441 460 munus
1467 427 1628 460 decennio

321 511 459 554 egregia
476 521 553 542 cum
570 511 670 543 laude
695 509 894 553 perfunctus
920 514 980 541 est.
1032 508 1136 540 Hunc
1158 518 1218 540 vos
1241 508 1277 539 in
1300 507 1496 540 Academiae
1519 507 1626 549 puppi

321 589 441 627 sistite,
459 590 600 633 ejusque
617 590 713 621 clavo
730 588 901 631 apponite,
919 587 1032 619 Deum
1050 587 1099 619 illi
1117 587 1314 629 propitium,
1335 586 1476 629 ejusque
1493 585 1624 618 labores

321 669 478 701 beantem
496 668 719 710 conspicietis.
755 665 826 699 Vos
844 677 885 697 ex
903 665 1011 697 officio
1028 664 1225 697 Academiae
1239 664 1444 695 Maecenates
1462 675 1500 696 ac
1517 665 1626 696 alum-

319 748 355 779 ni
378 748 505 784 essetis,
523 746 624 778 altior
637 755 755 788 quaeso
777 744 850 788 ejus
873 743 1064 776 sollicitudo
1087 743 1219 775 animos
1242 747 1372 774 vestros
1394 742 1523 775 subeat.
1573 743 1625 775 De

319 825 511 857 domesticis
529 825 612 867 quid
630 824 751 861 dicam,
768 833 911 855 uxorem
929 823 1046 854 desero
1062 827 1200 854 uterum
1218 821 1394 859 ferentem,
1412 832 1521 854 unum
1533 833 1552 854 a
1567 832 1625 854 vo—

318 904 369 936 bis
391 914 606 946 summopere
627 902 805 939 contendo,
827 901 952 933 sentiat
975 901 1034 933 illa
1059 911 1209 933 amorem
1230 911 1298 942 quo
1320 911 1454 943 semper
1476 911 1530 932 me
1554 911 1625 933 am-

318 983 409 1025 plexi
429 983 520 1020 estis,
539 982 689 1014 extincto
706 991 770 1018 me,
788 991 857 1012 non
875 979 1058 1011 exaruisse.
1097 978 1285 1021 Nunquam
1299 979 1385 1010 mihi
1396 979 1466 1011 dies
1480 984 1541 1011 aut
1554 990 1623 1011 nox

319 1061 535 1104 aegritudinis
554 1070 684 1102 expers,
702 1059 760 1091 illa
776 1069 830 1090 me
848 1063 899 1090 tot
916 1057 1115 1090 morborum
1134 1057 1298 1089 aerumnis
1320 1062 1531 1099 quassatum,
1549 1068 1625 1089 sua-

317 1140 406 1171 viter
423 1149 556 1181 semper
572 1138 660 1170 fovit
677 1148 715 1170 ac
732 1137 934 1170 refocillavit
948 1146 956 1168 t
982 1136 1132 1180 ingenue
1148 1135 1309 1178 profiteor
1326 1146 1368 1167 ex
1385 1135 1543 1168 omnibus
1565 1136 1625 1168 sti-

317 1218 449 1259 pendiis
466 1217 551 1249 meis
568 1228 638 1249 non
655 1216 904 1248 coacervavisse
922 1226 976 1247 me
993 1215 1108 1247 obolos
1126 1214 1222 1252 duos,
1236 1224 1414 1256 nunquam
1432 1214 1522 1245 euim
1537 1214 1621 1246 mihi

317 1296 409 1328 cordi
428 1300 488 1327 aut
506 1306 596 1327 curae
614 1295 788 1326 mundana
805 1294 888 1326 haec.
928 1293 1101 1331 Quorsum
1118 1293 1228 1324 multa
1245 1291 1349 1324 verba
1366 1292 1557 1334 perderem:
1581 1303 1623 1324 ne

317 1386 434 1417 quaeso
452 1374 592 1407 affectus
610 1378 722 1406 vester
739 1374 775 1405 in
801 1384 856 1405 me
873 1373 1039 1405 claudicet
1063 1373 1099 1404 in
1123 1383 1207 1404 eam.
1259 1371 1498 1415 Magistratus,
1521 1370 1624 1403 Sena-

317 1461 418 1492 tores,
439 1454 569 1486 solenni
587 1453 755 1496 promisso
772 1453 873 1485 fidem
891 1453 974 1484 dant
994 1451 1145 1484 facturos
1169 1462 1203 1484 se
1222 1451 1337 1483 omnia
1359 1462 1401 1482 ex
1424 1451 1531 1482 animi
1549 1461 1623 1482 sen—

316 1534 433 1566 tentia.
484 1531 700 1564 Professores
722 1532 801 1564 dein
824 1531 1056 1573 Philosophiae
1077 1531 1119 1562 ad
1141 1531 1365 1573 perstandum
1387 1530 1423 1561 in
1441 1529 1548 1561 officio
1570 1530 1626 1561 de-

316 1612 493 1654 bitumque
517 1612 699 1643 successori
726 1621 788 1642 suo
808 1609 1008 1652 obsequium
1032 1609 1200 1641 hortatur.
1252 1608 1318 1640 His
1342 1609 1497 1651 peractis,
1522 1607 1625 1639 verba

314 1691 442 1734 insigni
476 1690 702 1722 sanctimonia
735 1689 913 1721 ebulliunt.
988 1688 1061 1720 Deo
1103 1699 1188 1725 meo,
1231 1688 1354 1730 inquit,
1388 1687 1521 1730 gratiae,
1556 1697 1625 1718 me-

314 1769 434 1806 moria,
467 1769 572 1805 visus,
613 1768 751 1800 auditus
784 1768 974 1810 reliquique
1007 1777 1125 1799 sensus
1169 1767 1234 1798 mei
1268 1771 1339 1798 tam
1373 1766 1485 1809 vegeti
1520 1775 1622 1807 quam

314 1858 478 1889 unquam,
511 1851 564 1879 ast
593 1846 636 1879 ab
665 1846 728 1879 hoc
761 1846 890 1878 mundo
923 1846 1109 1878 alienatum
1140 1856 1197 1877 cor
1230 1855 1356 1882 meum,
1390 1849 1423 1876 et
1461 1853 1625 1886 quorsum

316 1926 463 1958 Domine
496 1925 579 1958 Jesu
613 1926 711 1958 corde
745 1936 820 1957 meo
845 1936 914 1957 non
943 1924 1115 1962 fruereris,
1143 1925 1197 1956 cui
1225 1924 1287 1956 soli
1317 1924 1353 1955 in
1379 1923 1464 1955 illud
1493 1922 1563 1965 jus,
1590 1923 1625 1954 in

314 2007 378 2038 hoc
407 2016 468 2048 per
497 2015 633 2037 omnem
667 2005 772 2037 vitam
807 2003 956 2041 incubui,
990 2008 1030 2035 ut
1057 2003 1141 2035 illud
1171 2002 1233 2035 tibi
1266 2003 1414 2034 dicarem
1441 2013 1479 2034 ac
1513 2012 1626 2034 conse-

314 2094 454 2121 crarem,
480 2084 564 2116 illud
589 2094 707 2126 quaeso
736 2093 880 2121 assume,
902 2087 941 2115 ut
963 2086 1075 2114 tecum
1102 2086 1341 2114 commoretur.
1393 2080 1480 2113 Haec
1506 2081 1625 2122 loquu-
