1905 2746
633 301 836 330 ROBERTI
861 302 1070 331 ROLLOCI.
1511 305 1530 334 5

230 416 406 448 deterioris
424 419 515 447 notae
533 414 642 457 pictor
659 414 735 453 sim,
758 415 818 457 qui
836 419 908 447 tam
926 414 1069 447 illustris
1089 413 1212 458 effigiei
1235 414 1442 446 lineamenta
1459 424 1535 446 meo

231 495 314 527 caelo
331 504 369 526 ac
386 493 543 536 penicillo
568 494 701 532 ducam,
720 493 794 526 Deo
816 498 934 526 tamen
955 493 1091 536 auspice
1115 503 1153 525 ac
1174 493 1334 535 propitio,
1352 493 1533 536 aggrediar

229 574 323 606 tenui
341 574 400 606 illa
417 583 455 605 ac
472 573 552 606 exili
571 572 736 606 facultate
754 584 822 616 qua
840 574 946 605 valeo.

275 731 539 765 ROBERTUS
565 731 820 765 ROLLOCUS
845 740 947 764 natus
973 742 1063 764 anno
1089 733 1191 764 1555.
1214 732 1344 775 inclyta
1359 731 1537 763 LEVING-

230 819 461 843 sTONIORUM
479 811 609 843 familia
623 812 798 848 oriundus,
816 810 1016 853 parentibus
1030 810 1217 843 celebribus
1231 811 1325 848 satis,
1339 821 1377 843 ac
1395 811 1534 848 decoris,

229 891 319 923 inter
337 889 432 922 binos
449 900 535 932 quos
552 889 719 921 habuerat
736 888 859 921 fratres
878 889 990 921 aetatis
1011 889 1134 921 mediae
1151 888 1228 921 fuit.
1280 889 1384 922 Pater
1401 890 1535 922 DAVID

228 969 449 1007 ROLLOCUS‚
461 969 552 1012 quod
566 969 717 1011 aliquam
728 968 764 1000 in
777 968 966 1011 Republica
982 968 1135 1001 literaria
1147 968 1355 1000 suavitatem
1366 969 1438 1010 ipse
1451 968 1535 1000 hau-

226 1049 336 1086 sisset,
350 1048 436 1080 filios
454 1059 532 1081 suos
544 1049 710 1086 omnium,
721 1048 849 1080 artium
861 1047 1053 1080 liberalium
1068 1048 1204 1080 cultura
1221 1048 1420 1080 excolendos
1439 1058 1535 1080 cura-

227 1129 286 1160 vit.
334 1126 497 1170 Inprimis
515 1128 544 1160 ei
563 1138 654 1159 curae
672 1126 739 1160 fuit
757 1127 812 1159 hic
827 1127 1052 1165 ROBERTUS‚
1066 1127 1158 1169 quod
1172 1127 1287 1170 aliqua
1300 1126 1429 1160 futurae
1443 1138 1536 1171 egre-

226 1208 293 1251 giae
317 1208 352 1239 in
374 1217 414 1239 eo
439 1206 563 1239 indolis
588 1207 760 1250 praesagia
776 1206 1032 1249 praesensisset:
1063 1217 1141 1238 eum
1166 1206 1354 1239 Stel-linum
1372 1208 1533 1240 amandat

225 1286 348 1319 scholis
365 1285 559 1318 trivialibus
573 1285 825 1328 expoliendum,
843 1286 1052 1328 tradiditque
1071 1284 1252 1317 ΤΗΟΜΑΕ
1272 1285 1533 1318 BUCHANANO

226 1365 426 1398 Sterlinensi
452 1364 721 1408 Ludimagistro‚
751 1364 815 1397 sub
844 1375 912 1407 quo
942 1369 1013 1397 tam
1040 1365 1173 1397 illustre
1202 1365 1333 1409 ingenii
1363 1365 1532 1407 specimen

226 1446 262 1477 in
279 1445 354 1487 ipsa
365 1445 513 1488 juventa
530 1444 646 1482 edidit,
668 1448 739 1476 tam
764 1449 900 1486 compto
922 1454 1058 1476 morum
1076 1444 1194 1476 decore
1212 1444 1328 1482 nituit,
1346 1449 1386 1477 ut
1404 1444 1532 1487 absque

224 1524 379 1567 rigidiori
397 1524 575 1565 disciplina
592 1524 628 1555 in
645 1522 753 1555 officio
770 1527 994 1565 permaneret.
1038 1522 1219 1555 THOMAE
1237 1527 1353 1556 autem
1371 1522 1530 1555 BUCHA-

225 1610 329 1634 NANI
346 1602 517 1639 affectum,
535 1602 664 1634 mellita
681 1601 805 1633 indolis
822 1612 895 1634 suae
916 1601 1088 1634 suavitate
1106 1600 1155 1634 ita
1172 1602 1208 1633 in
1226 1612 1262 1634 se
1283 1602 1464 1639 convertit,
1491 1608 1530 1634 ut

223 1681 395 1723 perpetuis
421 1681 638 1713 incrementis
664 1681 829 1712 adauctus
855 1680 898 1712 ad
924 1680 1006 1713 vitae
1024 1690 1132 1723 usque
1153 1680 1332 1723 periodum
1349 1690 1527 1723 nunquam

222 1760 415 1793 exoleverit.
467 1759 535 1792 Ubi
565 1758 705 1791 Sterlini
735 1760 771 1792 in
797 1759 921 1792 studiis
942 1758 1203 1791 humanioribus
1229 1759 1312 1791 satis
1342 1761 1526 1792 maturuis-

222 1844 283 1876 set,
314 1838 549 1881 Andreapolin
577 1839 790 1882 commigrat,
823 1839 867 1871 ad
901 1839 1016 1871 studia
1049 1838 1250 1871 sublimiora
1285 1838 1526 1881 Philosophica

222 1918 385 1950 nimirum
403 1918 615 1960 capessenda.
646 1917 825 1962 Ingressus
836 1922 952 1951 autem
969 1917 1193 1951 Academiam
1207 1922 1432 1962 cognomento
1452 1918 1525 1951 Sal-

223 1996 447 2033 vatorianam,
465 1996 501 2028 in
526 2007 566 2028 ea
590 1997 806 2039 quadriennii
829 1997 1038 2029 curriculum
1064 1996 1346 2038 Philosophicum
1365 2006 1523 2029 emensus

221 2080 282 2112 est,
299 2075 358 2107 ubi
379 2085 457 2117 quae
476 2075 570 2117 prius
594 2076 629 2107 in
647 2086 686 2108 eo
703 2076 934 2108 scintillarunt
953 2076 1109 2112 virtutes,
1128 2075 1237 2108 indies
1254 2075 1497 2117 splenduerant
1513 2087 1519 2108 :
