1905 2746
750 291 954 321 ROBERTI
980 292 1192 322 ROLLOCI.
1577 300 1621 333 33

319 405 422 442 1583,
440 403 477 436 in
495 403 630 446 publico
648 402 846 436 Academiae
864 404 1036 437 auditorio
1057 405 1266 437 luculentam
1285 404 1407 438 habuit
1425 406 1627 443 orationem,

314 481 505 515 confluente
522 482 659 524 copiosa
676 483 842 527 cujusque
860 483 989 516 ordinis
1007 484 1240 522 multitudine,
1255 495 1324 527 qua
1337 485 1511 528 egregiam
1523 486 1576 517 sui
1592 486 1627 517 in

316 562 439 594 animis
458 561 637 594 hominum
661 562 924 595 admirationem
948 563 1142 595 concitavit.
1195 562 1380 601 Postridie,
1403 564 1463 606 qui
1487 564 1557 596 dies
1577 564 1628 596 in-

314 641 425 673 dictus
440 646 513 674 erat
528 641 798 674 adolescentibus
812 642 872 684 qui
887 642 1162 685 philosophicum
1178 654 1317 675 cursum
1333 647 1527 676 statuerant
1540 644 1627 675 inire

317 720 360 752 ad
377 721 665 759 conveniendum,
683 732 810 765 magna
827 732 898 754 sese
910 721 1127 754 offerentium
1140 723 1327 755 multitudo
1341 723 1451 755 affuit.
1479 722 1571 755 Nam
1585 723 1628 755 ad

319 798 447 831 famam
465 804 594 842 apertae
608 799 806 843 Edinburgi
819 798 1016 834 Academiae
1031 801 1143 837 multi,
1157 811 1226 833 non
1238 812 1279 833 ex
1293 802 1368 844 ipsa
1381 806 1517 834 tantum
1532 802 1626 839 urbe,

321 879 380 910 sed
405 889 447 910 ex
473 879 586 910 vicina
615 879 718 911 etiam
745 879 884 922 regione
907 878 1149 912 confluxerunt
1170 880 1423 919 adolescentes3
1450 892 1535 924 quos
1557 892 1629 914 om-

321 967 380 988 nes
399 956 560 989 Rollocus
578 959 614 990 in
632 957 751 990 Latini
776 958 942 990 sermonis
961 958 1112 1000 puritate
1130 959 1334 991 addiscenda
1352 970 1460 1001 usque
1478 960 1521 991 ad
1539 961 1629 992 diem

321 1037 470 1068 examini
489 1037 717 1070 constitutum
735 1037 999 1081 diligentissime
1013 1039 1176 1071 exercuit.
1213 1038 1343 1071 Habito
1361 1040 1517 1072 examine
1528 1040 1629 1082 pleri-

321 1126 387 1158 que
405 1116 464 1158 qui
483 1117 646 1159 comperti
670 1121 752 1149 sunt
775 1117 817 1149 ad
842 1118 1086 1160 capessendum
1111 1128 1250 1150 cursum
1268 1118 1542 1161 philosophicum
1566 1120 1629 1150 mi-

321 1205 386 1226 nus
405 1195 517 1227 idonei
535 1206 626 1228 curae
644 1195 804 1228 Duncani
823 1195 958 1235 Narnii,
977 1197 1043 1229 viri
1068 1207 1204 1229 morum
1225 1197 1395 1241 elegantia
1416 1202 1450 1230 et
1474 1198 1630 1230 doctrina

321 1274 499 1317 singulari,
519 1274 572 1313 (ut
589 1284 645 1306 eos
663 1272 817 1307 exactiils
835 1275 871 1306 in
888 1275 996 1307 literis
1020 1275 1281 1307 humanioribus
1300 1275 1337 1307 in
1354 1280 1553 1318 sequentem
1572 1287 1630 1308 an-

321 1364 405 1386 num
423 1354 632 1399 institueret)
651 1356 822 1388 commissi
840 1360 932 1388 sunt.
984 1355 1026 1388 In
1049 1357 1124 1398 ipso
1148 1360 1264 1389 autem
1287 1357 1405 1389 limine
1431 1368 1509 1389 cum
1530 1359 1628 1391 insti—

322 1434 456 1465 tutione
474 1434 688 1477 disciplinam
710 1435 899 1478 conjunxit,
917 1439 950 1467 et
968 1435 1147 1477 plerosque
1165 1435 1286 1467 laxiori
1311 1436 1501 1468 trivialium
1523 1435 1626 1470 Scho-

323 1514 433 1546 larum
453 1514 632 1557 disciplina
649 1514 804 1547 effraenes
822 1514 976 1547 adhibita
1000 1515 1182 1547 severitate
1206 1516 1413 1558 compescuit
1429 1526 1437 1555 ;
1465 1517 1627 1549 severita-

322 1598 391 1625 tem
410 1598 525 1626 tamen
543 1593 647 1626 insita
664 1595 812 1638 quadam
837 1594 902 1627 sibi
923 1594 1103 1626 clementia
1126 1595 1313 1637 prudenter
1335 1596 1564 1638 temperavit;
1592 1602 1626 1628 et

322 1676 504 1715 utramque
522 1673 697 1717 religionis
715 1674 891 1706 elementis
905 1673 953 1705 sic
970 1673 1108 1706 miscuit
1119 1677 1159 1705 ut
1173 1674 1338 1717 guttatim
1354 1675 1485 1706 tenellis
1500 1674 1629 1708 adoles-

320 1753 470 1785 centium
488 1753 612 1785 animis
630 1754 792 1796 pietatem
810 1753 1001 1786 instillaret.
1041 1751 1152 1796 Inque
1164 1764 1238 1785 eam
1252 1764 1325 1785 rem
1343 1754 1487 1798 singulis
1506 1754 1625 1787 diebus

322 1830 461 1863 Saturni
482 1830 571 1872 (cum
591 1833 774 1876 discipulos
792 1833 812 1865 a
829 1843 929 1865 mane
947 1833 990 1865 ad
1007 1833 1185 1865 meridiem
1203 1843 1312 1875 usque
1334 1833 1624 1875 disputationibus

321 1911 539 1955 exercuisset)
558 1912 578 1944 a
595 1913 735 1945 meridie
753 1913 912 1956 praelegit
925 1912 1141 1950 Quaestiones
1157 1911 1260 1944 Bezae
1278 1912 1313 1944 in
1331 1922 1416 1955 quas
1434 1913 1537 1944 etiam
1553 1912 1627 1945 bre-

322 1999 398 2021 vem
429 1991 586 2034 analysin
616 1992 659 2024 ad
692 1992 937 2035 discipulorum
972 1992 1171 2024 memoriam
1203 1992 1395 2035 juvandam
1429 1992 1534 2025 edidit
1548 2002 1556 2031 ;
1588 1993 1624 2025 in

321 2070 363 2101 iis
387 2069 490 2102 etiam
515 2071 634 2104 diebus
661 2071 852 2105 Dominicis
880 2072 922 2104 ab
950 2072 1036 2104 hora
1063 2072 1208 2114 septima
1234 2072 1406 2104 matutina
1431 2072 1474 2104 ad
1499 2073 1628 2115 sesqui-

959 2152 984 2176 E
