1905 2746
678 279 881 309 ROBERTI
907 279 1117 309 ROLLOCI.
1516 283 1558 316 47

244 403 363 426 verum
383 403 536 425 meorum
555 392 724 425 factorum
746 393 873 425 candor
891 392 994 425 etiam
1013 403 1066 424 me
1085 392 1236 424 extincto
1254 392 1423 424 clarescet.
1451 391 1560 425 Caete-

246 473 325 505 rum
344 483 404 505 vos
422 473 579 505 unanimi
602 483 768 505 consensu
787 472 829 504 ad
848 483 933 515 opus
952 472 1094 504 Domini
1112 472 1298 504 coalescite.
1341 471 1433 509 Quid
1451 474 1561 517 magis

244 554 472 597 incongruum
486 562 590 594 quain
604 553 696 595 pacis
715 562 885 595 praecones
903 552 1016 596 litigio
1034 562 1073 584 ac
1090 551 1259 584 discordia
1272 551 1450 584 dilacerari
1464 551 1479 583 Ρ
1499 552 1561 584 hac

241 636 453 674 tempestate,
466 643 534 675 qua
548 632 584 664 in
598 632 731 664 insidiis
745 632 860 665 hostes
874 636 966 670 sunt,
984 642 1053 664 non
1067 632 1217 664 dissidiis
1231 631 1438 674 dissipandae
1456 632 1557 669 vires,

241 722 361 744 verum
374 722 456 755 pace
471 711 708 744 combinandae
726 715 807 744 sunt
823 721 830 744 ε
852 711 1038 754 petendum
1053 711 1206 744 hostium
1224 712 1327 749 latus,
1345 722 1414 743 non
1438 716 1561 744 mutua

235 792 370 835 jugula.
407 791 560 834 Principi
579 796 693 823 vestro
714 791 869 823 debitum
887 791 1089 834 obsequium
1108 795 1292 833 praestate:
1318 790 1412 823 Rara
1430 796 1560 834 tempo-

240 883 318 904 rum
336 871 480 904 felicitas
499 870 595 903 vobis
614 870 762 914 obtigit:
786 871 976 913 principem
995 870 1086 903 nacti
1111 871 1192 902 estis
1214 871 1274 912 qui
1297 881 1375 903 cum
1401 872 1487 904 lacte
1509 883 1560 904 re-

239 952 401 996 ligionem
420 951 547 989 hausit,
573 962 652 994 quae
677 951 751 995 ejus
770 950 957 983 visceribus
974 951 1150 983 recondita
1167 961 1245 983 cum
1264 962 1303 984 eo
1321 952 1457 990 coaluit,
1483 953 1560 985 reli-

236 1031 374 1075 gionem
389 1030 568 1073 disciplina
582 1030 867 1068 circumvallavit,
889 1030 1183 1062 circumvallatam
1201 1041 1264 1063 suo
1281 1031 1443 1073 praesidio
1461 1032 1558 1069 texit,

238 1110 470 1153 Ecclesiaeque
484 1110 714 1153 patrocinium
729 1111 777 1142 sic
791 1110 827 1142 in
841 1120 876 1142 se
890 1110 1049 1152 suscepit,
1067 1115 1107 1142 ut
1120 1111 1288 1153 quamdiu
1305 1122 1383 1143 eum
1399 1111 1471 1144 vita
1488 1123 1557 1144 non

237 1190 364 1223 deserit
380 1190 466 1222 illud
480 1200 549 1222 non
567 1190 784 1222 deserturum
803 1200 838 1221 se
856 1190 1046 1222 innumeris
1065 1190 1278 1222 documentis
1297 1191 1411 1233 palam
1429 1190 1555 1224 fecerit.

236 1269 339 1308 Quod
364 1270 480 1312 itaque
505 1269 633 1301 blande
657 1269 838 1301 mulcendo
861 1269 892 1301 ei
916 1269 1035 1301 elicere
1061 1270 1214 1311 potestis,
1241 1280 1283 1302 ne
1309 1270 1420 1303 invito
1446 1275 1558 1304 extor-

236 1359 340 1392 quere
358 1348 488 1381 frustra
506 1348 713 1381 adnitimini.
765 1348 862 1381 Serio
885 1349 1075 1382 cavendum
1100 1360 1142 1381 ne
1159 1360 1201 1381 ex
1219 1349 1283 1382 hoc
1300 1349 1472 1383 felicitatis
1491 1350 1557 1384 fas-

235 1429 321 1472 tigio
338 1438 477 1471 pessum
495 1438 530 1460 se
548 1428 605 1460 det
622 1427 787 1460 Ecclesia.
831 1428 973 1461 Poterat
992 1428 1121 1461 Paulus
1141 1428 1345 1462 Onesimum
1364 1429 1553 1474 fugitivum

235 1507 327 1551 apud
340 1518 376 1540 se
389 1507 547 1545 retinere,
564 1507 676 1540 noluit
695 1511 809 1540 tamen
823 1507 951 1551 absque
966 1508 1177 1541 Philemonis
1191 1510 1371 1547 sententia,
1389 1520 1431 1542 ne
1445 1510 1552 1552 ipsius

234 1587 435 1620 beneficium
453 1598 495 1619 ex
513 1587 713 1620 necessitate
731 1597 802 1619 esse
816 1587 1002 1620 videretur.
1040 1588 1140 1620 Pauli
1156 1589 1309 1633 vestigiis
1327 1590 1437 1622 sentio
1455 1590 1554 1622 insis-

234 1666 376 1699 tendum
396 1665 492 1699 vobis
511 1667 547 1698 in
565 1666 654 1699 tanti
674 1666 834 1709 ponderis
849 1666 998 1711 negotio.
1024 1667 1119 1699 Deus
1137 1672 1235 1710 pater
1248 1667 1270 1700 J
1272 1679 1333 1700 esu
1345 1668 1475 1702 Christi
1490 1679 1551 1702 vos

236 1746 329 1779 omni
347 1746 581 1779 benedictione
599 1747 771 1790 spirituali
789 1747 982 1790 locupletet,
1004 1752 1038 1780 et
1059 1748 1189 1781 invicto
1206 1747 1327 1781 robore
1351 1750 1486 1782 muniat
1510 1750 1551 1782 ad

234 1826 465 1859 ministerium
479 1827 564 1859 illud
583 1827 723 1860 strenue
737 1827 962 1860 obeundum.”
989 1827 1256 1870 Vesperascente
1271 1830 1387 1861 eodem
1402 1830 1456 1862 die
1473 1841 1551 1872 pro-

233 1917 353 1949 perare
378 1917 471 1939 mors
498 1907 680 1940 videbatur
701 1918 804 1950 quam
831 1908 888 1940 ille
914 1907 1075 1940 olfaciens
1102 1919 1293 1941 sermonem
1320 1909 1453 1952 occipit,
1480 1920 1549 1942 non

232 1989 385 2022 htunano
409 1990 545 2022 cerebro
570 1990 730 2029 effictum,
755 1991 814 2023 sed
833 1989 966 2024 caelitus
987 2002 1007 2023 a
1026 1990 1090 2023 Dei
1110 1990 1242 2034 Spiritu
1267 1992 1464 2032 stillantem,
1489 1993 1549 2035 qui

234 2070 366 2102 cunctis
380 2069 574 2102 astantibus
586 2071 849 2103 admirationem
863 2071 1017 2103 incussit.
1044 2070 1202 2104 Aderant
1217 2071 1357 2110 Medici,
1371 2072 1430 2115 qui
1443 2072 1549 2105 medi-
