1905 2746
713 323 754 353 D.
771 321 974 352 ROBERTI
990 321 1200 353 ROLLOCI.

648 429 796 459 Victoriae
812 432 916 458 custos
932 433 1066 468 tuaeque,

689 489 751 518 Per
766 498 921 518 memores
937 488 1045 518 titulos
1061 494 1224 529 perennat.

604 550 648 579 At,
663 554 693 579 te
709 559 763 589 per
779 548 886 577 orbem
901 558 958 577 nos
974 547 1199 578 celebrabimus

603 609 721 645 Terrae,
738 619 887 638 canemus
899 619 955 648 pro
971 607 1098 638 modulo
1113 608 1221 649 ingeni
1233 620 1241 645 3

646 668 812 709 (Sublimis
828 668 904 704 haec,
921 673 1081 709 utcunque
1094 673 1233 699 nostram

687 729 837 759 Materies
853 734 979 769 superet
994 728 1198 766 Minervam.)

604 789 631 819 N
634 800 674 819 on
689 789 780 819 laude
797 788 852 818 fias
869 793 904 818 ut
919 788 1108 818 cumulatior

604 849 725 879 Nostrae
742 849 901 879 Camoenae
918 860 1066 884 munere3
1084 849 1139 879 sed
1155 854 1208 879 tuo

646 909 820 939 Hortemur
835 908 977 949 exemplo
992 914 1027 938 ut
1044 909 1180 939 minores

686 969 770 998 Vitae
786 968 825 998 ad
841 968 900 999 iter
916 968 1055 998 melioris
1071 973 1207 999 arctum.

605 1029 876 1069 Vestigiorumque
891 1028 1014 1059 assidue
1032 1035 1066 1059 ut
1082 1034 1227 1070 premant

600 1089 723 1119 Callem
739 1094 876 1125 tuorum,
896 1094 930 1118 ut
945 1099 1015 1128 quae
1032 1088 1099 1118 loca
1114 1088 1264 1129 possides,

646 1149 819 1179 Laboribus
834 1148 975 1179 defuncti
991 1154 1021 1178 et
1037 1148 1083 1178 illi

687 1209 883 1246 Possideant,
900 1209 1007 1250 requie
1022 1208 1182 1239 aeviterna.

849 1329 975 1358 ALIUD.

687 1388 722 1418 S1
742 1388 846 1418 Nauta
861 1394 952 1419 nocte
967 1389 1071 1419 lurida

727 1448 841 1478 Polum
857 1448 969 1478 ducem
984 1448 1163 1478 desiderans

726 1508 847 1538 Moeret
863 1507 946 1549 qubd
962 1514 1043 1538 erret
1059 1508 1182 1538 nescius

732 1568 876 1599 Obscura
890 1567 952 1609 qu&
967 1579 1029 1598 nox
1046 1568 1163 1599 deferat
1177 1580 1183 1599 ε

686 1628 779 1664 Quod
795 1629 920 1659 horreat
934 1628 1065 1659 latentia

726 1689 784 1719 Vel
800 1700 883 1725 saura,
900 1699 983 1719 caeea
997 1689 1047 1719 vel
1064 1690 1152 1725 vada,

725 1749 784 1779 Vel
800 1749 954 1779 verticoso
969 1749 1093 1789 gurgite

724 1809 771 1839 Ne
786 1809 988 1839 absorbeatur
1004 1810 1155 1849 protinus.

682 1869 850 1899 Tironibus
866 1868 1016 1898 Rollocus
1032 1873 1078 1899 est

725 1928 826 1969 AEque
841 1929 1013 1968 gemendus
1028 1929 1183 1965 omnibus,

725 1989 869 2024 Quorum
885 1989 964 2019 mari
979 1989 1011 2018 in
1027 1989 1211 2020 scholastico

722 2049 889 2079 Direxerat
905 2060 1032 2079 cursum
1047 2049 1148 2080 modu.

683 2109 768 2144 Quot
784 2107 800 2138 ὲ
816 2108 971 2149 profundo
985 2109 1110 2150 gurgite

724 2168 973 2209 Sophisticorum
988 2169 1169 2209 dogmatum

938 2239 960 2259 K
