1905 2746
705 289 910 319 ROBERTI
935 290 1146 321 ROLLOCI.
1541 295 1581 325 21

276 409 342 441 tus,
368 403 501 436 invadit
526 412 601 435 eum
630 402 714 434 lenis
737 402 877 444 quidam
906 412 1056 439 somnus,
1080 413 1122 434 ex
1151 414 1220 446 quo
1246 411 1462 446 experrectus
1488 416 1580 438 sum-

277 494 333 515 mo
358 483 511 515 anhelitu
537 481 661 525 flagrat
686 481 837 519 dissolvi,
863 492 901 514 ac
926 492 998 515 esse
1023 493 1101 515 cum
1122 482 1281 515 Domino.
1333 483 1433 522 Veni,
1457 486 1579 528 inquit,

272 562 419 594 Domine
443 561 539 599 Jesu,
563 561 698 593 miserae
721 560 826 604 hujus
852 561 934 593 vitae
961 561 1058 594 filum
1081 562 1258 605 abrumpe,
1285 567 1422 595 matura
1443 563 1579 596 domine

275 653 317 674 ne
335 642 442 674 tarda.
494 640 516 672 J
518 651 595 673 esus
613 651 667 672 me
679 640 822 672 redemit
839 650 908 672 11011
926 644 966 672 ut
989 641 1149 673 caducam
1167 641 1256 674 hanc
1273 652 1393 674 verum
1415 647 1579 675 aeternam

274 723 381 756 vitam
396 723 600 767 indulgeret.
652 721 741 754 Veni
755 720 849 759 Jesu‚
867 722 992 766 largire
1007 723 1114 755 vitam
1132 727 1271 765 propter
1284 734 1388 766 quam
1406 724 1579 756 redemisti

273 814 336 835 me.
387 804 551 836 Astantes
569 801 672 835 flebili
690 804 829 845 planctu
848 804 956 835 vicem
974 814 1072 835 suam
1095 804 1131 835 in
1147 804 1220 847 ejus
1236 803 1332 836 obitu
1349 804 1484 837 deflent.
1527 804 1577 837 At

272 885 349 916 ille:
377 884 506 916 Omnes
529 884 611 915 vitae
638 883 742 927 hujus
760 884 887 927 gradus
912 894 1069 916 emensus
1087 894 1174 922 sum,
1192 885 1236 916 ad
1259 885 1485 917 novissimum
1504 896 1579 928 per-

271 965 360 1002 veni,
378 974 438 996 cur
454 963 735 1008 retrogrederer?
762 963 853 996 hunc
880 964 1026 1008 gradum
1051 964 1199 997 Domine
1216 964 1300 997 Jesu
1324 970 1385 998 tuo
1411 966 1576 999 comitatu

272 1045 415 1078 feliciter
433 1045 584 1077 emetiar.
636 1044 755 1077 Deduc
780 1055 834 1077 me
860 1046 896 1077 in
922 1056 996 1077 eam
1022 1046 1168 1089 gloriam
1194 1056 1296 1089 quam
1324 1057 1384 1089 per
1400 1048 1575 1089 speculum

272 1131 409 1158 tantum
427 1126 498 1158 vidi
514 1135 520 1157 :
547 1126 681 1159 utinam
700 1126 791 1168 apud
808 1130 841 1158 te
859 1126 1060 1159 diversarer.
1110 1126 1179 1164 Qui
1201 1127 1359 1159 astabant
1383 1127 1577 1172 significant

271 1207 361 1239 diem
391 1211 567 1250 posterum
598 1206 811 1239 sabbathum
839 1218 921 1245 esse,
943 1208 1034 1240 unde
1061 1207 1166 1251 hujus
1184 1207 1349 1240 sermonis
1367 1208 1576 1240 occasionem

270 1292 393 1331 captat.
457 1287 575 1320 Tuum
604 1287 816 1321 sabbathum
844 1288 1002 1327 Domine,
1026 1292 1195 1321 aeternum
1221 1299 1336 1320 meum
1362 1288 1574 1321 Sabbathum

267 1369 413 1406 inchoet,
431 1369 582 1411 auspicia
599 1374 713 1401 sumat
731 1374 900 1402 aeternum
919 1369 1131 1402 Sabbathum
1146 1380 1261 1401 meum
1280 1369 1300 1401 a
1317 1368 1491 1402 Sabbatho
1505 1374 1575 1402 tuo.

316 1448 357 1481 In
375 1449 523 1481 mediam
540 1448 612 1481 fere
629 1454 761 1482 noctem
776 1450 943 1482 modicam
962 1454 1082 1482 nactus
1094 1454 1145 1482 est
1157 1449 1318 1492 quietem,
1329 1460 1434 1492 quam
1445 1450 1574 1483 confes-

268 1531 331 1562 tim
349 1529 458 1562 morbi
478 1531 529 1562 vis
547 1530 752 1573 interpellat,
770 1541 1033 1573 supremamque
1055 1530 1176 1563 horam
1198 1532 1314 1564 adesse
1337 1536 1444 1570 ratus,
1470 1530 1573 1563 VAL-

269 1618 411 1642 TERUM
442 1610 817 1646 BALCANQUELLVM
847 1611 973 1643 invitat
999 1611 1042 1643 ad
1072 1622 1106 1643 se
1137 1612 1253 1644 venire
1269 1622 1276 1643 :
1310 1622 1379 1655 quo
1408 1612 1572 1656 ingresso,

270 1691 361 1724 hunc
383 1692 525 1734 suscipit
543 1702 734 1724 sermonem
751 1701 759 1723 z
787 1692 888 1729 Quod
906 1692 1100 1725 diutissime
1122 1703 1249 1725 munus
1268 1693 1444 1725 Pastorale
1462 1692 1572 1726 Edin-

270 1772 370 1816 burgi
388 1771 522 1810 obieris,
540 1772 700 1815 quodque
722 1783 791 1805 non
817 1783 932 1805 recens
959 1778 1077 1806 nostra
1097 1774 1257 1812 amicitia,
1281 1775 1519 1806 accersendum
1540 1779 1572 1806 te

268 1853 397 1891 curavi,
408 1858 447 1886 ut
460 1854 688 1886 reverentiam
702 1864 772 1896 qua
786 1865 919 1897 semper
937 1865 957 1886 a
968 1855 1063 1887 cunis
1076 1854 1205 1888 Christi
1217 1855 1448 1887 ministerium
1458 1864 1571 1886 rever-

269 1934 337 1965 itus
356 1944 443 1971 sum,
461 1937 621 1967 testatam
638 1934 801 1974 facerem3
828 1946 892 1979 ego
909 1936 1047 1978 quidem
1064 1945 1127 1978 pro
1144 1936 1283 1968 modulo
1300 1936 1380 1967 doni
1398 1945 1514 1978 preces
1534 1935 1570 1967 in

267 2015 380 2046 sinum
399 2014 464 2046 Dei
482 2013 567 2052 fudi,
584 2019 624 2047 tu
641 2026 759 2058 quaeso
776 2027 839 2059 pro
855 2027 910 2049 me
927 2027 1067 2059 precum
1090 2027 1185 2049 sacra
1202 2016 1367 2060 peragito,
1391 2026 1454 2060 ego
1472 2016 1570 2048 corde

266 2106 304 2127 ac
322 2095 446 2128 affectu
464 2106 598 2137 sequar,
616 2096 755 2128 interim
779 2107 821 2129 ne
845 2097 1000 2139 protrahi
1026 2097 1133 2128 vitam
1159 2097 1247 2129 hanc
1264 2095 1390 2141 flagita.
1443 2096 1572 2129 Provo-
