1905 2746
722 292 928 323 ROBERTI
952 294 1163 324 ROLLOCI.
1552 301 1595 331 43

281 405 514 439 Limnuchum
534 407 755 449 secesserant)
774 406 826 438 ira
844 406 1145 440 vehementissime
1163 413 1348 446 exarserat,
1366 420 1435 452 quo
1459 409 1587 443 factum

286 490 324 517 ut
342 484 496 518 Ecclesia
513 489 546 517 et
565 484 773 528 Respublica
790 485 827 518 in
844 496 1011 530 magnum
1030 491 1064 518 et
1081 497 1204 529 anceps
1226 487 1419 530 periculum
1438 489 1596 521 devolve—

284 569 412 599 rentur.
465 564 629 608 Squalida
652 570 727 598 tum
746 576 784 598 ac
802 566 959 610 lugubris
977 577 1093 599 rerum
1112 567 1262 600 conditio
1280 571 1412 600 trucem
1430 568 1597 611 lacryma-

284 643 453 687 bilemque
471 643 592 677 faciem
611 644 844 687 spectantibus
862 645 1065 688 praebuerat.
1105 645 1193 679 Cum
1213 647 1249 679 in
1267 647 1378 679 turbis
1396 647 1489 679 hisce
1507 658 1597 679 com-

282 724 447 766 ponendis
475 725 667 766 complures
693 735 831 767 operam
858 735 897 757 ac
922 726 1035 757 oleum
1065 726 1294 769 perdidissent
1320 727 1429 759 eluxit
1456 727 1595 759 tandem

281 810 445 846 tanquam
470 804 564 836 sidus
589 805 739 836 salutare
765 805 982 837 sanctissima
1001 805 1134 838 Rolloci
1153 806 1347 848 prudentia,
1365 806 1503 849 pietate,
1525 817 1595 839 mo-

280 882 398 920 destia,
412 883 607 915 humilitate
622 883 781 921 eondita3
801 894 880 926 quae
894 888 1030 916 tantum
1046 885 1131 928 regii
1144 885 1290 927 pectoris
1305 886 1455 928 possedit
1469 891 1509 918 ut
1520 887 1593 930 ejus

278 962 431 994 animum
460 962 497 993 in
514 960 797 1005 Edinburgenses
821 963 1029 1005 asperiorem
1047 973 1086 996 ac
1110 964 1298 996 multorum
1313 964 1446 1008 judicio
1472 965 1593 1007 impla-

279 1042 432 1079 cabilem,
443 1042 589 1080 lenierit,
607 1041 798 1074 Ecclesiam
815 1053 858 1074 ex
875 1043 1045 1081 incendio,
1060 1043 1326 1087 Rempublicam
1345 1055 1388 1077 ex
1405 1044 1593 1090 conflagra-

280 1123 371 1154 tione
390 1123 527 1154 eruerit.
554 1121 620 1154 Sed
633 1123 792 1165 quamvis
805 1122 946 1155 Rolloco
961 1123 1084 1156 exinde
1098 1125 1244 1156 creverit
1258 1125 1481 1163 existimatio,
1499 1126 1590 1168 quod

280 1201 479 1234 turbulenta
492 1201 556 1233 hac
567 1205 770 1244 tempestate
782 1201 942 1234 Ecclesiae
955 1202 1118 1247 lugubria
1131 1203 1329 1242 detraxerit,
1345 1208 1378 1236 et
1392 1204 1533 1237 turbata
1549 1206 1592 1237 ad

276 1280 463 1323 pristinum
486 1284 617 1313 statum
634 1281 821 1319 reduxerit,
839 1292 892 1314 res
911 1286 1028 1314 tamen
1045 1282 1224 1326 sigillatim
1243 1282 1286 1315 ab
1304 1293 1343 1315 eo
1360 1287 1474 1327 gestas
1500 1294 1587 1326 prae-

278 1366 380 1397 tereo,
398 1371 440 1392 ne
459 1370 561 1404 cogar
579 1360 769 1404 longiorem
792 1360 885 1393 illius
903 1361 1067 1404 temporis
1086 1361 1267 1394 historiam
1286 1366 1475 1405 pertexere,
1493 1368 1526 1395 et
1545 1363 1587 1395 ab

278 1439 438 1472 instituto
457 1449 562 1481 supra
579 1449 684 1482 quam
703 1450 766 1482 par
783 1444 871 1472 esset
888 1440 1032 1484 digredi.
1059 1439 1128 1472 Res
1143 1440 1275 1473 Rolloci
1294 1441 1440 1474 assiduis
1459 1442 1588 1485 vigiliis

276 1531 314 1553 ac
337 1519 515 1552 indefessis
538 1519 711 1552 laboribus
729 1520 935 1563 compositas
955 1520 1111 1553 insecuta
1128 1525 1179 1553 est
1198 1520 1357 1564 Synodus
1381 1521 1589 1555 Taodunen-

278 1601 335 1638 sis,
353 1610 457 1643 quam
476 1600 589 1632 visum
608 1599 697 1644 Regi
715 1610 778 1633 sua
794 1601 977 1643 praesentia
994 1610 1127 1632 ornare.
1183 1600 1322 1643 Synodo
1340 1612 1464 1644 praeses
1482 1604 1591 1635 omni—

278 1692 337 1713 um
355 1680 520 1724 suffragio
539 1679 700 1713 Rollocus
721 1662 894 1724 deligitur.
930 1679 984 1712 Ibi
1003 1691 1079 1724 quae
1093 1679 1232 1724 Synodo
1252 1680 1374 1714 Perthi
1393 1693 1463 1715 non
1482 1685 1591 1716 multo

278 1766 356 1793 ante
374 1759 493 1792 habita
510 1758 664 1792 severius
681 1760 718 1792 in
736 1760 882 1803 speciem
900 1760 1035 1793 decreta
1053 1760 1261 1794 videbantur
1285 1761 1521 1806 benigniorem
1540 1764 1590 1796 in-

278 1840 557 1882 terpretationem
575 1840 698 1873 sortita
711 1844 801 1873 sunt.
842 1839 995 1884 Flagitat
1014 1840 1091 1873 Rex
1109 1841 1211 1872 vellet
1229 1840 1388 1883 Synodus
1406 1843 1589 1875 nonnullos

283 1920 464 1963 designare
482 1920 542 1962 qui
560 1919 790 1963 excubiaspro
810 1917 968 1952 Ecclesia
991 1924 1143 1964 agerent,
1166 1931 1208 1952 ne
1225 1920 1309 1963 quid
1334 1931 1373 1952 ea
1390 1921 1589 1955 detrimenti

279 2004 423 2041 caperet.
467 1998 656 2031 Confestim
675 1998 818 2042 pedibus
836 1999 907 2031 itur
925 1999 961 2031 in
979 1998 1067 2031 hanc
1085 1999 1291 2031 sententiam
1309 1999 1436 2041 pietate
1454 2010 1492 2031 ac
1510 2011 1590 2042 pru-

280 2076 396 2111 dentia
421 2078 663 2111 eminentiores
682 2079 848 2121 quosdam
873 2078 1070 2122 deligendos
1089 2078 1214 2121 quibus
1240 2079 1416 2121 provincia
1442 2080 1515 2113 haec
1532 2082 1589 2113 de-
