1905 2746
321 306 365 339 48
738 303 845 334 VITA
868 304 930 334 ΕΤ
954 303 1122 335 OBITUS

319 418 482 451 camentis
494 418 565 451 suis
577 417 647 450 vim
665 417 775 450 morbi
790 418 895 450 lenire
908 416 1012 461 (quod
1026 417 1126 461 vigor
1139 416 1305 449 naturalis
1319 415 1488 459 deficeret)
1503 426 1623 448 renue-

319 502 401 529 runt
417 493 644 542 [tentabant].
662 496 720 529 Ad
731 496 843 529 Deum
855 497 971 540 itaque
985 507 1083 529 verso
1095 507 1261 534 sermone,
1274 499 1293 513 ‘⁶
1302 495 1369 534 Tu,
1381 496 1505 539 inquit,
1517 495 1623 532 Deus,

319 576 506 608 medeberis
524 576 609 608 mihi
625 577 652 608 :’'
670 575 759 608 Dein
777 586 892 618 preces
910 576 982 608 zelo
1000 575 1230 608 intentissimo
1247 575 1373 613 fundit,
1392 586 1493 607 orans
1511 575 1623 617 primo

320 656 422 687 vellet
439 654 533 686 Deus
551 655 615 686 sibi
633 655 771 697 suisque
791 654 936 696 peccatis
958 657 1098 695 propter
1114 654 1254 685 unicum
1273 653 1402 686 Christi
1423 653 1625 686 sacrificium

319 733 488 776 propitius
502 743 584 771 esse,
601 732 791 774 praedicans
805 732 931 770 omnia,
942 732 1166 774 quantumvis
1180 732 1337 774 apprime
1350 733 1510 774 speciosa,
1528 742 1629 774 prop-

321 818 373 845 ter
390 812 498 844 crucis
517 811 648 844 Christi
674 811 895 844 eminentiam
922 822 984 853 pro
1011 811 1217 843 stercoribus
1243 822 1278 843 se
1303 811 1630 853 ducerenprecatus

321 892 442 924 deinde
460 893 562 924 vellet
579 892 662 924 vitae
679 902 752 924 suae
775 891 906 924 exitum
924 890 1076 923 faustum
1102 902 1140 923 ac
1157 890 1288 923 felicem
1306 891 1494 933 indulgere,
1512 894 1551 922 ut
1569 890 1632 921 mi-

322 972 514 1005 sericordiae
537 972 598 1003 alis
621 975 760 1014 opertus
783 970 819 1002 in
841 969 972 1002 Christi
995 970 1074 1002 sinu
1095 970 1281 1007 excederet,
1307 968 1547 1010 fruereturque
1564 968 1629 999 Dei

323 1053 432 1089 vultu,
443 1062 544 1094 quem
556 1050 673 1083 crebro
686 1049 841 1082 anhelitu
854 1049 981 1081 intueri
994 1049 1090 1081 sitiit.
1125 1051 1144 1065 ‘⁶
1154 1047 1231 1092 Ego
1239 1052 1283 1086 te,
1291 1048 1415 1090 inquit,
1425 1047 1631 1079 subobscure

324 1134 360 1164 in
378 1131 473 1164 verbi
490 1131 627 1174 speculo
645 1130 739 1168 vidi;
758 1129 884 1173 largire
902 1128 987 1160 mihi
1005 1128 1066 1160 diu
1083 1128 1300 1170 multumque
1318 1127 1426 1169 optati
1447 1127 1563 1158 vultus
1581 1126 1631 1158 tui

324 1212 567 1254 sempiternam
581 1210 809 1243 fruitionem.”
836 1209 888 1241 De
906 1209 1153 1241 resurrectione
1170 1212 1204 1241 et
1215 1208 1287 1240 vita
1301 1212 1430 1240 aeterna
1444 1207 1548 1239 verba
1559 1218 1635 1249 pro-

325 1291 392 1324 fert
415 1290 684 1323 immortalitatis
705 1299 843 1321 sensum
865 1289 1041 1332 spirantia.
1093 1287 1245 1332 Singulis
1262 1288 1322 1330 qui
1340 1287 1498 1320 astabant
1516 1287 1636 1319 dextra

327 1371 502 1415 prehensis
526 1380 662 1402 summa
687 1368 871 1401 verborum
896 1368 1057 1400 comitate
1081 1378 1120 1400 ac
1140 1367 1312 1411 gravitate
1335 1366 1515 1404 benedicit,
1537 1366 1637 1398 bene-

328 1452 511 1484 dictionem
532 1449 784 1483 hortationibus
808 1460 870 1492 pro
893 1449 1058 1492 cujusque
1084 1448 1196 1480 indole
1222 1457 1260 1479 ac
1285 1457 1426 1479 munere
1451 1446 1639 1489 prudenter

327 1533 455 1564 miscet.
484 1529 538 1562 Ea
555 1534 653 1562 nocte
669 1533 796 1572 praeter
813 1539 908 1570 spem
926 1526 1068 1570 paulum
1088 1526 1267 1570 requievit.
1294 1525 1360 1558 Die
1377 1526 1437 1569 qui
1455 1536 1532 1558 eum
1551 1526 1639 1558 inse-

328 1616 427 1644 cutus
448 1614 499 1642 est
519 1608 642 1641 urbani
660 1608 895 1651 magistratus,
920 1607 1111 1648 complures
1135 1606 1239 1638 etiam
1261 1615 1304 1637 ex
1327 1605 1445 1637 ordine
1469 1605 1639 1637 senatorio

329 1701 408 1722 eum
422 1689 587 1726 invisunt,
599 1698 684 1730 quos
697 1687 801 1730 juxta
813 1687 937 1718 lectum
952 1684 1187 1717 accumbentes
1202 1684 1249 1716 sic
1263 1684 1398 1716 affatur.
1427 1687 1446 1700 ‘⁶
1461 1683 1637 1721 Quantum

329 1768 508 1813 praesagiis
525 1768 604 1800 ullis
622 1764 757 1809 assequi
774 1766 871 1797 valeo
891 1764 1136 1797 absolvendum
1157 1763 1243 1795 mihi
1261 1763 1343 1795 vitae
1361 1773 1516 1805 pensum,
1540 1763 1640 1804 depo-

331 1849 481 1883 nendum
499 1845 719 1890 corruptibile
736 1844 800 1877 hoc
818 1844 968 1886 corporis
985 1844 1237 1880 indumentum,
1261 1842 1511 1875 transeundum
1528 1842 1564 1873 in
1582 1852 1641 1883 pa-

331 1931 434 1964 triam
449 1939 457 1962 z
476 1927 597 1971 Neque
610 1926 674 1959 hoc
687 1925 773 1958 mihi
787 1924 968 1963 acerbum3
987 1923 1214 1956 novissimum
1232 1922 1323 1954 enim
1337 1922 1441 1965 hujus
1455 1922 1532 1954 vitae
1550 1921 1638 1953 diem

331 2009 449 2043 crebra
460 2009 517 2041 siti
531 2005 720 2049 concupivi.
762 2003 950 2036 Academia
962 2014 1095 2046 semper
1109 2002 1250 2035 anxium
1264 2013 1318 2034 me
1332 2001 1483 2034 maxime
1496 2001 1617 2034 habuit
1629 2011 1637 2039 3

333 2100 396 2134 ego
413 2098 487 2121 eam
500 2087 575 2131 jam
591 2085 799 2122 deserturus,
822 2083 851 2116 si
875 2083 1017 2115 celarem
1035 2092 1137 2125 quem
1158 2092 1234 2114 meo
1254 2081 1382 2113 calculo
1405 2079 1639 2112 sufficiendum
