1905 2746
320 335 366 365 54
773 330 888 361 VITA
911 331 973 361 ET
999 330 1172 361 OBITUS

321 454 339 467 ‘⁶
350 449 533 493 Experior,
544 450 668 493 inquit,
678 451 765 483 sexti
775 451 898 494 psalmi
910 450 1107 489 veritatem3
1122 460 1161 482 ac
1170 450 1285 493 aliqua
1294 449 1322 494 ej
1327 460 1368 482 us
1377 448 1482 482 verba
1490 449 1611 482 recitat
1621 457 1629 480 ε

320 530 478 564 Gratiam
502 530 556 563 fac
580 531 677 569 mihi,
703 530 848 569 Jehova,
875 532 957 574 quia
979 532 1145 575 languore
1173 541 1311 574 pressus
1334 539 1431 563 sum:
1457 540 1539 562 cura
1565 540 1631 568 me,

314 611 461 649 Jehova,
478 611 560 654 quia
574 610 778 643 conturbata
790 614 871 643 sunt
882 621 959 643 ossa
972 611 1078 648 mea‚”
1093 614 1155 642 etc.
1183 609 1368 654 Interjecta
1380 610 1513 643 modica
1523 621 1632 653 pausa

315 702 506 724 sermonem
520 692 623 724 iterat
636 700 643 723 :
663 694 683 709 “
693 691 853 724 Christus
865 691 1018 734 portabit
1027 691 1156 736 jugum
1170 701 1297 729 meum,
1311 695 1345 724 et
1358 702 1421 735 ego
1432 692 1505 736 ejus
1516 693 1630 736 gratia

314 772 422 804 fultus
436 772 589 814 sequar.”
618 771 707 803 Cum
721 771 832 804 morbi
847 771 1032 804 acerbitate
1050 771 1205 814 torqueri
1222 781 1301 803 eum
1316 772 1630 805 animadverterent

312 855 474 889 astantes,
493 852 674 894 lacrymas,
692 852 850 894 planctus
873 862 912 884 ac
935 851 1110 895 singultus
1128 851 1243 890 cient;
1270 861 1356 894 quos
1375 851 1431 883 ille
1448 852 1602 894 increpat
1618 861 1627 888 ;

315 934 333 947 ⁶·
349 930 404 963 Ne
427 941 541 963 meam
560 931 680 969 vicem,
706 930 830 973 inquit,
854 930 912 963 sed
935 935 1073 973 peccata
1091 934 1206 962 vestra
1223 929 1364 962 deflete:
1395 929 1475 962 cum
1492 941 1593 964 nemo
1610 941 1630 963 a

311 1015 448 1053 peccato
466 1010 631 1042 immunis
650 1010 780 1042 nemini
795 1009 895 1043 fletus
914 1010 1060 1042 materia
1077 1009 1254 1042 subtracta
1271 1013 1332 1042 est.
1383 1009 1486 1047 Quod
1503 1011 1546 1042 ad
1563 1021 1628 1049 me,

310 1100 372 1134 ego
387 1090 542 1122 omnium
554 1090 845 1132 complementum
858 1099 897 1121 ac
911 1088 1243 1121 consummationem
1257 1098 1339 1120 mox
1352 1088 1506 1121 videbo.’'
1544 1088 1629 1122 Ves-

310 1170 392 1213 pere
415 1180 457 1202 ex
482 1169 637 1213 cognatis
661 1179 752 1201 unus
778 1169 821 1201 ad
847 1179 927 1200 eum
953 1168 1128 1212 ingressus
1154 1178 1311 1200 sermone
1336 1167 1444 1210 impio
1469 1167 1573 1201 bilem
1596 1170 1626 1202 ei

308 1249 419 1281 movit
433 1259 442 1287 3
462 1248 504 1281 ab
522 1260 561 1281 eo
575 1248 709 1292 flagitat
722 1248 823 1280 vellet
840 1247 877 1279 in
895 1248 995 1280 caelos
1010 1251 1166 1290 receptus
1185 1247 1328 1279 mediari
1344 1258 1407 1290 pro
1421 1258 1457 1279 se
1470 1248 1627 1290 reliquis-

308 1339 374 1371 que
393 1329 534 1361 amicis:
564 1327 640 1360 Hoc
667 1327 785 1360 audito
808 1327 860 1359 ira
877 1326 1014 1360 fervens
1038 1326 1180 1369 repente
1204 1337 1327 1369 corpus
1352 1326 1564 1359 imbecillum
1587 1338 1626 1360 ac

308 1408 380 1441 fere
393 1409 549 1441 exanime
563 1408 686 1452 erigit:
710 1410 730 1424 “
741 1406 830 1452 Ego,
844 1407 969 1450 inquit,
988 1417 1116 1439 munus
1132 1406 1218 1439 illud
1232 1406 1356 1445 abnuo,
1375 1406 1535 1440 Christus
1548 1408 1626 1440 uni-

308 1499 367 1521 cus
384 1488 586 1521 Mediator.’'
612 1487 693 1520 Non
712 1486 824 1520 multo
841 1490 919 1529 post
933 1485 1053 1519 invisit
1068 1497 1147 1519 eum
1164 1485 1272 1519 frater
1284 1490 1371 1519 natu
1384 1487 1505 1531 major,
1524 1490 1544 1504 “
1556 1486 1624 1526 Tu,

309 1569 433 1612 inquit,
452 1572 637 1612 cognatum
655 1571 814 1600 nostrum
830 1566 979 1609 increpa,
997 1577 1098 1599 mone
1116 1566 1222 1598 alium
1240 1570 1394 1609 capessat
1412 1566 1496 1599 vitae
1518 1571 1626 1599 tram-

308 1652 390 1683 item
406 1659 415 1687 ;
435 1648 563 1690 alioqui
581 1648 677 1679 nulla
694 1647 725 1679 ei
739 1647 842 1684 salus,
857 1646 1086 1678 certissimum
1101 1646 1275 1677 exitium.”
1317 1644 1375 1678 Ab
1392 1645 1456 1679 hoc
1470 1650 1623 1689 tempore

308 1729 462 1762 oblatum
488 1727 692 1759 alimentum
718 1726 874 1768 respuit3
902 1728 922 1742 “
935 1724 1026 1763 Non,
1044 1725 1169 1768 inquit,
1188 1724 1287 1756 edam
1304 1728 1366 1757 aut
1381 1724 1496 1757 bibam
1516 1736 1623 1769 usque

307 1808 390 1840 dum
408 1808 445 1839 in
463 1816 610 1850 regnum
627 1803 790 1838 coelorum
809 1803 1026 1837 transferar.”
1072 1803 1219 1836 Funeris
1238 1814 1355 1836 curam
1373 1803 1546 1838 Gulielmo
1563 1804 1623 1838 Li-

308 1888 382 1920 tillo
401 1892 434 1920 et
454 1886 627 1919 Gulielmo
646 1885 746 1918 Scoto
764 1885 882 1917 amicis
901 1883 1135 1928 integerrimis
1156 1883 1319 1926 (quorum
1341 1884 1529 1917 amicitiam
1550 1896 1621 1919 non

308 1968 525 2000 vacillantem
548 1965 720 2009 frequenti
743 1965 853 2008 elogio
878 1964 1029 2004 ornavit)
1051 1964 1275 1996 commendat.
1333 1966 1353 1980 “
1371 1963 1443 1996 Cur
1467 1974 1548 2003 non,
1570 1965 1622 1998 in-

307 2049 394 2091 quit,
412 2047 498 2080 mihi
516 2050 604 2080 esset
622 2046 727 2090 hujus
746 2045 897 2088 corporis
915 2043 1023 2077 cura?
1053 2044 1139 2076 illud
1157 2044 1327 2086 siquidem
1345 2044 1618 2088 glorificandum,

1304 2123 1311 2136 5

306 2132 340 2160 et
360 2126 644 2160 conformandum
662 2125 801 2159 tandem
818 2124 967 2169 glorioso
987 2123 1116 2156 Christi
1136 2123 1267 2166 corpori
1284 2123 1301 2155 τ’
1336 2127 1370 2156 et
1387 2134 1509 2157 manus
1528 2125 1619 2157 intu-
