1905 2746
721 297 925 327 ROBERTI
952 295 1161 325 ROLLUCI.
1552 295 1596 325 25

283 412 533 446 amoenissimus
548 410 563 443 ‚³
583 409 750 454 Ejusdem
768 410 834 442 diei
854 419 1006 452 vespera,
1020 407 1202 450 Experior,
1217 406 1340 448 inquit,
1355 406 1441 437 sexti
1461 404 1587 437 Psalmi

283 494 474 530 veritatem,
492 502 530 524 ac
547 492 663 535 aliqua
679 491 754 535 ejus
772 490 877 523 verba
893 493 1054 523 recenset.
1085 486 1243 520 Gratiam
1260 485 1312 519 fac
1331 486 1427 524 mihi,
1445 486 1466 517 J
1469 486 1589 522 ehova,

284 574 366 616 quia
382 573 548 616 languore
565 581 703 615 pressus
721 581 797 604 sum
813 579 821 603 t
840 581 922 603 cura
938 581 1004 609 me,
1018 569 1040 602 J
1042 569 1162 607 ehova,
1186 568 1268 613 quia
1288 566 1492 600 conturbata
1509 572 1589 599 sunt

283 664 360 686 ossa
376 664 463 692 mea,
480 658 542 686 etc.
594 651 780 696 Interjecta
797 652 931 684 modica
953 662 1070 694 pausa,
1088 660 1281 683 sermonem
1298 650 1411 687 iterat,
1430 648 1591 680 Christus

282 733 433 777 portabit
446 734 573 778 jugum
587 744 713 772 meum,
732 738 766 766 et
783 744 846 777 ego
863 733 937 777 ejus
954 732 1069 776 gratia
1084 731 1194 765 fultus
1208 741 1341 774 sequar.
1376 729 1466 762 Cum
1481 729 1594 762 morbi

284 815 468 848 acerbitate
509 815 662 858 torqueri
704 825 783 847 eum
825 814 1140 846 animadverterent
1181 816 1343 850 astantes,
1386 810 1591 853 lachrymas,

286 897 443 939 planctus
469 906 508 928 ac
524 895 698 939 singultus
716 895 842 933 cieunt,
864 904 950 937 quos
973 893 1030 926 ille
1055 894 1232 936 increpat:
1259 892 1313 925 Ne
1336 903 1449 925 meam
1472 892 1593 929 vicem,

285 978 345 1015 ait,
363 981 501 1020 peccata
517 982 633 1009 vestra
650 975 781 1015 deflete,
799 985 877 1009 cum
895 985 996 1008 nemo
1014 985 1035 1007 a
1050 979 1189 1019 peccato
1203 974 1370 1007 immunis
1387 974 1517 1007 nemini
1535 973 1594 1006 fle-

287 1063 344 1091 tus
362 1058 507 1091 materia
526 1057 712 1090 subtracta.
755 1057 857 1095 Quod
874 1057 994 1095 adme,
1005 1067 1069 1101 ego
1086 1056 1243 1089 omnium
1254 1056 1544 1099 complementum
1557 1065 1595 1087 ac

286 1140 618 1173 consummationem
635 1150 716 1173 mox
730 1139 863 1172 videbo.
902 1138 960 1172 Ab
977 1139 1041 1172 hoc
1054 1143 1208 1181 tempore
1222 1137 1376 1171 oblatum
1390 1136 1594 1169 alimentum

286 1222 440 1264 respuit:
467 1220 558 1256 Non,
581 1221 706 1264 inquit,
726 1220 826 1253 edam
849 1223 910 1253 aut
934 1219 1049 1252 bibam
1073 1219 1187 1262 quoad
1208 1219 1245 1251 in
1267 1228 1414 1262 regnum
1432 1218 1596 1249 coelorum

284 1301 439 1334 invehar.
476 1301 623 1335 Funeris
637 1311 756 1334 curam
774 1300 995 1334 GULIELMO
1006 1300 1179 1334 L1T1LLO
1193 1303 1228 1332 et
1238 1298 1460 1332 GULIELMO
1472 1297 1598 1331 Sooro

287 1384 405 1416 amicis
428 1384 660 1428 integerrimis
687 1381 848 1426 (quorum
875 1383 1062 1416 amicitiam
1088 1392 1158 1414 non
1183 1381 1402 1413 vacillantem
1426 1378 1600 1422 frequenti

288 1466 398 1510 elogio
420 1465 571 1508 ornavit)
590 1465 816 1498 commendat.
868 1464 940 1496 Cur
961 1475 1042 1502 non,
1064 1462 1189 1505 inquit,
1210 1461 1297 1493 mihi
1318 1460 1424 1504 hujus
1445 1460 1597 1502 corporis

288 1557 380 1585 cura,
406 1547 492 1579 illud
517 1546 687 1589 siquidem
712 1545 973 1590 glorificandum
996 1549 1030 1578 et
1054 1542 1340 1576 conformandum
1363 1542 1503 1574 tandem
1526 1541 1599 1584 glo-

288 1628 379 1661 rioso
397 1627 528 1660 Christi
545 1626 706 1670 corpori?
733 1631 767 1660 et
792 1637 915 1660 manus
941 1627 1090 1663 intuens,
1109 1623 1188 1657 Istae
1209 1624 1314 1656 etiam
1331 1633 1454 1655 manus
1472 1622 1598 1654 illustri

289 1708 472 1753 fulgebunt
489 1709 608 1753 gloria.
659 1707 750 1752 Ejus
767 1708 835 1741 diei
856 1718 999 1750 vespera
1021 1718 1063 1740 ex
1083 1706 1238 1751 cognatis
1260 1715 1351 1738 unus
1377 1704 1421 1736 ad
1448 1714 1526 1736 eum
1547 1704 1598 1736 in-

289 1801 438 1834 gressus,
456 1800 612 1822 sermone
629 1790 736 1832 impio
753 1789 857 1822 bilem
874 1789 905 1821 ei
922 1788 1043 1826 movit,
1061 1787 1104 1820 ab
1122 1798 1161 1820 eo
1178 1787 1242 1819 hoc
1264 1785 1410 1830 flagitat,
1428 1786 1531 1817 vellet
1548 1784 1600 1816 in-

291 1875 408 1903 vectus
435 1872 469 1902 in
496 1872 596 1903 coelos
623 1871 766 1903 mediari
792 1881 855 1913 pro
884 1880 920 1902 se
958 1869 1167 1912 reliquisque
1192 1868 1337 1900 amicis:
1372 1867 1436 1899 hoc
1471 1866 1599 1904 audito,

291 1953 343 1983 ira
359 1952 506 1989 fervens,
523 1957 662 1994 repente
680 1962 803 1994 corpus
821 1951 1030 1984 imbecillum
1053 1961 1092 1982 ac
1108 1949 1180 1982 fere
1197 1949 1354 1982 exanime
1377 1947 1489 1991 erigit,
1508 1946 1597 1991 Ego,

292 2033 415 2075 inquit,
435 2042 559 2064 munus
578 2033 663 2065 illud
681 2033 804 2071 abnuo,
826 2031 987 2065 Christus
1005 2032 1128 2064 unicus
1151 2030 1334 2063 Mediator.
1386 2028 1467 2061 Non
1490 2029 1600 2061 multo

291 2119 368 2156 post
386 2114 506 2146 invisit
524 2124 602 2146 eum
620 2114 728 2146 frater
742 2119 826 2147 natu
840 2114 960 2157 major.
1013 2112 1080 2150 Tu,
1098 2111 1222 2154 inquit,
1240 2114 1425 2154 cognatum
1444 2112 1603 2142 nostrum

938 2186 962 2209 1)
