1905 2746
738 291 944 321 ROBERTI
972 292 1181 321 ROLLOCI.
1569 297 1609 329 19

303 401 507 434 stercoribus
532 412 567 434 se
593 402 737 434 ducere:
763 407 920 445 precatus
948 403 1025 434 dein
1051 403 1150 434 vellet
1175 404 1257 435 vitae
1275 414 1346 434 suae
1365 405 1493 436 exitum
1520 405 1610 437 faus-

302 485 375 512 tum
399 490 437 512 ac
460 479 591 512 felicem
614 481 802 524 indulgere,
825 486 864 513 ut
890 481 1131 513 misericordiae
1158 481 1219 513 alis
1243 486 1392 523 opertus,
1419 483 1454 514 in
1479 483 1608 515 Christi

301 559 379 591 sinu
397 559 621 597 occumberet,
639 559 880 603 fruereturque
898 560 962 592 Dei
978 561 1077 593 vultu
1095 571 1196 603 quem
1211 560 1328 593 crebro
1346 561 1500 593 anhelitu
1519 563 1610 594 intu-

298 638 347 669 eri
364 637 460 670 sitiit.
512 637 590 682 Ego
607 643 651 676 te,
670 639 793 681 inquit,
811 639 1019 672 subobscure
1045 641 1080 672 in
1108 640 1201 672 verbi
1226 642 1361 682 speculo
1380 640 1462 679 vidi,
1480 642 1605 685 largire

299 715 383 748 mihi
402 717 462 748 diu
480 718 697 760 multumque
715 719 823 760 optati
842 719 958 751 vultus
977 720 1027 750 tui
1042 720 1286 761 sempiternam
1300 719 1508 752 fruitionem.
1558 721 1609 753 De

299 797 545 829 resurrectione
564 801 597 829 et
615 797 687 829 vita
705 801 834 829 aeterna
852 797 956 829 verba
973 798 1110 839 promit,
1122 809 1160 830 ac
1174 799 1202 829 si
1217 803 1307 830 terra
1322 799 1481 831 derelicta
1496 800 1530 831 in
1545 812 1608 832 coe-

298 875 347 906 los
366 876 554 907 translatus
571 875 701 908 fuisset.
753 875 905 919 Singulis
923 876 981 918 qui
1003 876 1161 908 astabant
1187 878 1307 909 dextra
1325 878 1512 919 prehensis,
1531 884 1606 911 tau-

296 963 399 995 quam
420 953 632 993 Patriarcha,
650 965 786 986 summa
807 955 990 987 verborum
1011 956 1237 988 sanctimonia
1259 967 1297 988 ac
1321 958 1492 1000 gravitate
1510 958 1609 990 bene-

297 1032 401 1067 dicit;
429 1032 698 1066 benedictionem
715 1033 968 1066 hortationibus
986 1045 1048 1076 pro
1074 1035 1239 1078 cujusque
1265 1035 1377 1067 indole
1403 1047 1441 1068 ac
1468 1047 1607 1069 munere

296 1111 483 1153 prudenter
505 1112 634 1144 miscet.
685 1111 739 1144 Ea
760 1117 857 1145 nocte
883 1117 1010 1155 praeter
1030 1102 1127 1156 spem·
1151 1115 1291 1156 paulum
1313 1117 1491 1157 requievit.
1543 1116 1608 1148 Die

296 1190 356 1231 qui
374 1200 452 1222 eum
469 1190 673 1233 insequutus
691 1196 752 1228 est,
771 1191 893 1223 urbani
913 1191 1150 1235 Magistratus,
1169 1194 1359 1235 complures
1377 1195 1480 1226 etiam
1494 1206 1536 1227 ex
1554 1207 1607 1227 01·-

295 1270 374 1302 dine
393 1269 571 1303 Senatorio
589 1281 668 1302 eum
685 1271 851 1308 invisunt,
869 1281 954 1314 quos
969 1272 1072 1314 juxta
1089 1272 1216 1304 lectum
1240 1273 1475 1305 accumbentes
1494 1274 1541 1306 sic
1559 1274 1608 1306 af-

294 1348 396 1381 fatur.
439 1348 618 1387 Quantum
636 1350 814 1393 praesagiis
826 1350 905 1382 ullis
923 1351 1057 1394 assequi
1076 1351 1182 1388 valeo,
1197 1352 1439 1394 egrediendum
1454 1353 1539 1385 mihi
1560 1354 1607 1385 vi—

297 1432 342 1460 tae
361 1428 465 1471 hujus
483 1428 599 1466 limen,
617 1429 934 1471 transeundumque
951 1430 987 1461 in
1007 1428 1159 1462 Patriam
1177 1439 1183 1461 ε
1212 1441 1320 1473 neque
1339 1431 1402 1463 hoc
1416 1432 1499 1464 mihi
1516 1443 1605 1464 acer-

295 1506 386 1544 bum,
404 1507 628 1539 novissimum
648 1508 739 1540 enim
758 1507 861 1551 hujus
880 1508 962 1540 vitae
980 1508 1069 1539 diem
1088 1508 1205 1540 crebra
1219 1509 1275 1540 siti
1290 1510 1478 1552 concupivi.
1522 1510 1610 1543 Aca-

294 1586 405 1617 demia
422 1595 557 1629 semper
573 1588 715 1619 anxium
734 1598 787 1619 me
805 1588 954 1619 maxime
972 1587 1104 1624 habuit,
1122 1599 1195 1619 eam
1221 1599 1283 1631 ego
1302 1589 1376 1630 jam
1398 1589 1605 1627 ‹lese1·t1u·us‚

294 1665 321 1696 si
341 1666 483 1697 celarem
498 1675 570 1703 vos,
588 1676 690 1708 quem
708 1676 804 1698 meus
815 1666 963 1698 calculus
977 1665 1212 1698 sufficiendum
1227 1667 1323 1705 mihi,
1342 1667 1605 1712 Academiaeque

294 1743 548 1786 praeficiendum
567 1745 709 1782 censuit,
731 1745 873 1777 incuriae
891 1745 1059 1777 maculam
1074 1756 1143 1777 non
1162 1757 1330 1779 exuerem.
1370 1747 1462 1784 Quid
1482 1749 1604 1781 attinet

294 1827 428 1855 exteras
446 1823 601 1867 regiones
626 1824 818 1867 pervagari,
839 1824 1059 1867 peregrinum
1086 1825 1257 1862 asciscere,
1285 1827 1343 1867 qui
1366 1826 1445 1858 huic
1468 1828 1605 1868 provin-

293 1902 355 1934 eiae
382 1902 512 1943 praesit,
539 1912 641 1944 quem
664 1902 804 1934 interim
833 1902 988 1934 doctrina
1010 1902 1256 1945 disciplinaque
1279 1903 1383 1947 hujus
1408 1902 1603 1938 Academiae

294 1981 398 2012 lateat
412 1979 428 2011 ἶ)
456 1979 559 2012 Domi
584 1981 696 2013 virum
719 1981 964 2023 locupletatum
988 1981 1097 2018 donis,
1122 1992 1160 2013 ac
1183 1982 1226 2013 ad
1251 1992 1375 2014 munus
1397 1983 1603 2016 instructum

294 2059 437 2096 habetis,
456 2058 682 2091 HENRICUM
700 2058 1026 2096 CHARTEmsmM,
1044 2060 1104 2101 qui
1128 2060 1353 2092 eruditionem
1377 2071 1431 2094 me
1451 2061 1605 2106 Praeeep-
