1905 2746
650 309 855 339 ROBERTI
882 308 1093 338 ROLLOCI.
1484 308 1523 339 11

216 425 369 458 decennii
383 425 494 467 spatio
510 424 711 466 propulerit,
730 423 767 455 in
785 421 910 465 quibus
928 422 1165 454 sanctimoniae
1179 432 1218 453 ac
1231 421 1434 454 eruditionis
1448 430 1521 453 suae

220 506 425 537 lineamenta
442 513 577 536 cernere
596 506 678 535 erat.

268 582 325 615 Ad
343 582 404 615 hos
422 582 553 615 labores
568 586 665 614 tanta
676 581 846 614 industria
860 581 1062 619 exantlatos,
1080 580 1259 613 accedebat
1277 584 1311 612 et
1331 580 1396 612 hic.
1452 580 1528 612 Sin·

220 662 310 705 gulis
344 661 462 694 diebus
503 660 692 693 Dominicis
727 661 841 703 palam
883 660 919 692 in
955 660 1083 703 templo
1116 659 1393 698 concionabatur,
1427 659 1530 702 idque

222 746 319 774 tanta
346 741 488 783 spiritus
518 740 818 778 demonstratione,
853 743 950 772 tanto
978 739 1226 772 sententiarum
1263 739 1422 782 pondere,
1456 748 1531 770 ver-

224 820 414 862 borumque
440 819 622 863 gravitate,
652 823 691 851 ut
719 818 811 860 apud
838 828 955 850 omnes
986 818 1215 851 excelcissime
1249 817 1403 850 floruerit
1419 827 1426 849 z
1456 822 1531 849 tan-

225 904 299 932 tum
325 899 369 931 ad
393 898 590 931 auditorum
614 902 744 929 mentes
770 896 1024 934 illuminandas,
1050 896 1259 939 affectusque
1284 898 1532 939 permovendos

225 981 390 1013 valuerat.
441 979 563 1022 Neque
581 979 672 1022 apud
690 979 815 1022 vulgus
833 976 946 1016 modo,
964 978 1023 1009 sed
1040 982 1074 1010 et
1097 978 1189 1020 apud
1212 977 1341 1010 celebre
1364 982 1398 1010 et
1421 978 1533 1009 erudi-

226 1064 301 1092 tum
327 1059 506 1091 hominum
532 1068 641 1102 genus
666 1056 898 1090 concionando
921 1056 969 1088 sic
994 1055 1112 1088 efficax
1138 1055 1216 1094 fuit,
1244 1060 1284 1088 ut
1312 1058 1532 1099 quamplures

226 1139 263 1170 in
280 1138 436 1183 margine
454 1137 535 1170 Orci
552 1137 688 1169 lethalis
714 1135 914 1174 titubantes,
939 1136 981 1168 ad
1007 1136 1115 1168 vitam
1143 1136 1237 1168 illam
1258 1135 1334 1174 Dei,
1357 1137 1534 1178 lucemque

225 1217 396 1249 coelestem
414 1216 541 1249 eruerit
559 1227 597 1248 ac
615 1215 775 1253 evocarit,
793 1215 911 1247 divino
928 1215 1070 1247 numine
1084 1215 1156 1247 eius
1171 1215 1402 1247 ministerium
1416 1226 1534 1248 secun-

225 1297 338 1329 dante.
365 1295 567 1339 Complures
581 1295 842 1328 commentarios
855 1294 892 1326 in
906 1293 1100 1337 Scripturas
1114 1305 1237 1332 sacraS‚
1252 1298 1418 1327 tractatus
1430 1295 1534 1327 etiam

227 1376 408 1408 nonnullos
420 1376 461 1408 de
474 1374 665 1419 Religionis
677 1374 845 1417 capitibus
859 1374 948 1406 miro
959 1373 1103 1407 artificio
1114 1374 1300 1412 contexuit,
1315 1385 1462 1417 quorum
1475 1375 1535 1407 ali—

227 1456 285 1498 qui
303 1456 396 1498 typis
414 1455 540 1493 excusi,
562 1465 632 1487 non
649 1453 752 1486 modo
769 1454 805 1486 in
828 1453 952 1491 Scotia‚
970 1453 1029 1485 sed
1052 1458 1086 1486 et
1109 1454 1200 1496 apud
1227 1458 1360 1486 exteras
1378 1455 1534 1498 regiones

226 1536 416 1569 incredibili
441 1535 590 1568 nominis
613 1535 667 1567 sui
685 1538 896 1571 ornamento,
925 1533 1157 1577 Ecclesiaeque
1183 1534 1311 1578 insigni
1334 1535 1534 1577 compendio

226 1626 286 1658 per
299 1616 488 1647 multorum
501 1624 625 1646 manus
644 1613 800 1645 volitant.
852 1612 1061 1645 Pervenerat
1080 1612 1168 1645 forte
1186 1613 1222 1645 111
1239 1623 1362 1645 manus
1377 1612 1533 1645 THEoD.

227 1694 363 1732 BEZAE,
375 1693 491 1726 eximii
505 1693 597 1725 illius
609 1692 687 1730 viri,
701 1692 774 1736 ejus
788 1691 1054 1724 commentarius
1064 1691 1101 1723 in
1115 1690 1290 1733 Epistolas
1303 1692 1345 1723 ad
1359 1691 1533 1724 Romanos

225 1782 262 1803 ac
280 1769 461 1812 Ephesios,
478 1768 538 1810 qui
552 1771 649 1800 tanto
666 1767 793 1811 gaudio
811 1765 939 1798 Bezam
957 1765 1119 1808 perfudit,
1137 1770 1177 1798 ut
1189 1766 1225 1798 in
1243 1766 1387 1808 epistola
1399 1777 1468 1809 qua
1485 1766 1534 1798 fa-

228 1849 393 1881 miliarem
407 1847 590 1891 quemdam
604 1847 732 1879 salutat
751 1846 786 1878 in
799 1845 945 1878 celebres
956 1845 1030 1888 ejus
1044 1845 1160 1877 laudes
1175 1846 1340 1888 eruperit:
1356 1846 1468 1877 visum
1483 1850 1533 1878 est

227 1929 342 1971 aliqua
355 1928 428 1971 ejus
440 1927 543 1959 verba
556 1930 716 1959 attexere.
756 1929 775 1942 “
796 1924 871 1957 Hoc
882 1925 957 1967 ipso
970 1929 1122 1967 tempore
1135 1924 1221 1957 mihi
1235 1925 1379 1968 contigit
1397 1924 1533 1958 thesau-

227 2018 301 2040 rum
315 2006 474 2044 nancisci,
485 2006 545 2048 qui
562 2006 675 2038 nescio
685 2015 754 2048 quo
765 2005 892 2037 sinstro
905 2003 988 2042 fato,
999 2005 1158 2047 quamvis
1170 2004 1271 2036 111011]
1286 2004 1440 2036 omnium
1451 2004 1533 2036 alio-

228 2097 304 2120 rum
332 2089 514 2128 conspectu
540 2088 745 2122 versaretur,
779 2094 833 2116 me
863 2088 979 2116 tamen
1006 2083 1118 2116 adhuc
1146 2082 1424 2127 subterfugerat:
1460 2084 1533 2116 the-
