<?xml version="1.0" encoding="UTF-8"?>
<!DOCTYPE html PUBLIC "-//W3C//DTD XHTML 1.0 Transitional//EN"
    "http://www.w3.org/TR/xhtml1/DTD/xhtml1-transitional.dtd">
<html xmlns="http://www.w3.org/1999/xhtml" xml:lang="en" lang="en">
 <head>
  <title>
</title>
<meta http-equiv="Content-Type" content="text/html;charset=utf-8" />
  <meta name='ocr-system' content='tesseract 3.04.00' />
  <meta name='ocr-capabilities' content='ocr_page ocr_carea ocr_par ocr_line ocrx_word'/>
</head>
<body>
  <div class='ocr_page' id='page_1' title='image "./devitaetmorterob00bann_0096.png"; bbox 0 0 1905 2746; ppageno 0'>
   <div class='ocr_carea' id='block_1_1' title="bbox 833 308 1081 339">
    <p class='ocr_par' dir='ltr' id='par_1_1' title="bbox 833 308 1081 339">
     <span class='ocr_line' id='line_1_1' title="bbox 833 308 1081 339; baseline 0 0"><span class='ocrx_word' id='word_1_1' title='bbox 833 308 1081 339; x_wconf 80' lang='lat' dir='ltr'>EPITAPHIA</span> 
     </span>
    </p>
   </div>
   <div class='ocr_carea' id='block_1_2' title="bbox 476 416 1374 756">
    <p class='ocr_par' dir='ltr' id='par_1_2' title="bbox 476 416 1374 756">
     <span class='ocr_line' id='line_1_2' title="bbox 896 416 1019 445; baseline 0 0"><span class='ocrx_word' id='word_1_2' title='bbox 896 416 1019 445; x_wconf 69' lang='lat' dir='ltr'>Ammo.</span> 
     </span>
     <span class='ocr_line' id='line_1_3' title="bbox 476 475 1231 516; baseline -0.001 -10"><span class='ocrx_word' id='word_1_3' title='bbox 476 477 662 507; x_wconf 65' lang='lat' dir='ltr'><strong>UNAMMES</strong></span> <span class='ocrx_word' id='word_1_4' title='bbox 678 476 758 506; x_wconf 83' lang='lat' dir='ltr'>inter</span> <span class='ocrx_word' id='word_1_5' title='bbox 775 481 891 516; x_wconf 85' lang='lat' dir='ltr'>quanta</span> <span class='ocrx_word' id='word_1_6' title='bbox 906 475 924 505; x_wconf 80' lang='grc' dir='ltr'><strong>ὂ</strong></span> <span class='ocrx_word' id='word_1_7' title='bbox 939 475 1104 506; x_wconf 79' lang='lat' dir='ltr'>concordia</span> <span class='ocrx_word' id='word_1_8' title='bbox 1119 476 1231 506; x_wconf 75' lang='lat' dir='ltr'>fratres</span> 
     </span>
     <span class='ocr_line' id='line_1_4' title="bbox 519 535 1356 576; baseline -0.001 -9"><span class='ocrx_word' id='word_1_9' title='bbox 519 538 586 568; x_wconf 87' lang='lat' dir='ltr'>Cur</span> <span class='ocrx_word' id='word_1_10' title='bbox 601 547 658 567; x_wconf 84' lang='lat' dir='ltr'>nec</span> <span class='ocrx_word' id='word_1_11' title='bbox 673 541 709 566; x_wconf 87' lang='lat' dir='ltr'>ut</span> <span class='ocrx_word' id='word_1_12' title='bbox 723 535 795 566; x_wconf 69' lang='lat' dir='ltr'>ante</span> <span class='ocrx_word' id='word_1_13' title='bbox 811 536 871 566; x_wconf 83' lang='lat' dir='ltr'>fuit</span> <span class='ocrx_word' id='word_1_14' title='bbox 886 547 970 566; x_wconf 91' lang='lat' dir='ltr'>nunc</span> <span class='ocrx_word' id='word_1_15' title='bbox 985 547 1107 576; x_wconf 83' lang='lat' dir='ltr'>quoque</span> <span class='ocrx_word' id='word_1_16' title='bbox 1122 536 1213 566; x_wconf 86' lang='lat' dir='ltr'>firma</span> <span class='ocrx_word' id='word_1_17' title='bbox 1228 543 1330 566; x_wconf 78' lang='lat' dir='ltr'>manet</span> <span class='ocrx_word' id='word_1_18' title='bbox 1345 549 1356 566; x_wconf 66' lang='lat' dir='ltr'><em>t</em></span> 
     </span>
     <span class='ocr_line' id='line_1_5' title="bbox 477 595 1145 632; baseline -0.004 -4"><span class='ocrx_word' id='word_1_19' title='bbox 477 597 618 628; x_wconf 82' lang='lat' dir='ltr'>Excessit</span> <span class='ocrx_word' id='word_1_20' title='bbox 633 597 783 627; x_wconf 83' lang='lat' dir='ltr'>Rollocus</span> <span class='ocrx_word' id='word_1_21' title='bbox 798 596 890 627; x_wconf 79' lang='lat' dir='ltr'>amici</span> <span class='ocrx_word' id='word_1_22' title='bbox 905 597 1005 626; x_wconf 83' lang='lat' dir='ltr'>nodus</span> <span class='ocrx_word' id='word_1_23' title='bbox 1020 595 1145 632; x_wconf 78' lang='lat' dir='ltr'>amoris,</span> 
     </span>
     <span class='ocr_line' id='line_1_6' title="bbox 519 656 1092 697; baseline -0.003 -10"><span class='ocrx_word' id='word_1_24' title='bbox 519 657 678 693; x_wconf 76' lang='lat' dir='ltr'>Rollocus‚</span> <span class='ocrx_word' id='word_1_25' title='bbox 696 662 797 697; x_wconf 85' lang='lat' dir='ltr'>ruptae</span> <span class='ocrx_word' id='word_1_26' title='bbox 813 667 912 686; x_wconf 83' lang='lat' dir='ltr'>nexus</span> <span class='ocrx_word' id='word_1_27' title='bbox 927 656 1092 691; x_wconf 77' lang='lat' dir='ltr'>amicitiae;</span> 
     </span>
     <span class='ocr_line' id='line_1_7' title="bbox 480 715 1374 756; baseline -0.002 -9"><span class='ocrx_word' id='word_1_28' title='bbox 480 717 590 747; x_wconf 76' lang='lat' dir='ltr'>Isthmi</span> <span class='ocrx_word' id='word_1_29' title='bbox 605 717 705 747; x_wconf 83' lang='lat' dir='ltr'>instar</span> <span class='ocrx_word' id='word_1_30' title='bbox 720 716 847 746; x_wconf 83' lang='lat' dir='ltr'>bimaris</span> <span class='ocrx_word' id='word_1_31' title='bbox 862 716 1024 756; x_wconf 85' lang='lat' dir='ltr'>geminum</span> <span class='ocrx_word' id='word_1_32' title='bbox 1039 716 1093 756; x_wconf 90' lang='lat' dir='ltr'>qui</span> <span class='ocrx_word' id='word_1_33' title='bbox 1108 715 1236 746; x_wconf 85' lang='lat' dir='ltr'>distinet</span> <span class='ocrx_word' id='word_1_34' title='bbox 1251 722 1374 751; x_wconf 70' lang='lat' dir='ltr'>aestum,</span> 
     </span>
    </p>
   </div>
   <div class='ocr_carea' id='block_1_3' title="bbox 521 776 1317 817">
    <p class='ocr_par' dir='ltr' id='par_1_3' title="bbox 521 776 1317 817">
     <span class='ocr_line' id='line_1_8' title="bbox 521 776 1317 817; baseline -0.003 -10"><span class='ocrx_word' id='word_1_35' title='bbox 521 777 605 807; x_wconf 89' lang='lat' dir='ltr'>Hinc</span> <span class='ocrx_word' id='word_1_36' title='bbox 620 782 713 817; x_wconf 84' lang='lat' dir='ltr'>atque</span> <span class='ocrx_word' id='word_1_37' title='bbox 728 776 801 806; x_wconf 88' lang='lat' dir='ltr'>hinc</span> <span class='ocrx_word' id='word_1_38' title='bbox 816 787 855 807; x_wconf 83' lang='lat' dir='ltr'>ne</span> <span class='ocrx_word' id='word_1_39' title='bbox 870 776 902 806; x_wconf 90' lang='lat' dir='ltr'>in</span> <span class='ocrx_word' id='word_1_40' title='bbox 919 788 950 806; x_wconf 82' lang='lat' dir='ltr'>se</span> <span class='ocrx_word' id='word_1_41' title='bbox 966 777 1077 806; x_wconf 87' lang='lat' dir='ltr'>mistus</span> <span class='ocrx_word' id='word_1_42' title='bbox 1092 781 1222 816; x_wconf 80' lang='lat' dir='ltr'>uterque</span> <span class='ocrx_word' id='word_1_43' title='bbox 1238 782 1317 806; x_wconf 82' lang='lat' dir='ltr'>ruat.</span> 
     </span>
    </p>
   </div>
   <div class='ocr_carea' id='block_1_4' title="bbox 546 878 1372 909">
    <p class='ocr_par' dir='ltr' id='par_1_4' title="bbox 546 878 1372 909">
     <span class='ocr_line' id='line_1_9' title="bbox 546 878 1372 909; baseline -0.004 0"><span class='ocrx_word' id='word_1_44' title='bbox 546 880 661 909; x_wconf 79' lang='lat' dir='ltr'>AL1UD</span> <span class='ocrx_word' id='word_1_45' title='bbox 678 889 714 909; x_wconf 76' lang='lat' dir='ltr'>IN</span> <span class='ocrx_word' id='word_1_46' title='bbox 730 878 881 909; x_wconf 80' lang='lat' dir='ltr'>ROLLocl</span> <span class='ocrx_word' id='word_1_47' title='bbox 899 888 1045 909; x_wconf 78' lang='lat' dir='ltr'>MORTEM</span> <span class='ocrx_word' id='word_1_48' title='bbox 1063 888 1162 908; x_wconf 80' lang='lat' dir='ltr'>NIMIS</span> <span class='ocrx_word' id='word_1_49' title='bbox 1179 887 1372 908; x_wconf 73' lang='lat' dir='ltr'><strong>PROPERAM.</strong></span> 
     </span>
    </p>
   </div>
   <div class='ocr_carea' id='block_1_5' title="bbox 523 955 1296 2193">
    <p class='ocr_par' dir='ltr' id='par_1_5' title="bbox 523 955 1123 1055">
     <span class='ocr_line' id='line_1_10' title="bbox 523 955 1123 996; baseline -0.002 -10"><span class='ocrx_word' id='word_1_50' title='bbox 523 957 612 992; x_wconf 72' lang='lat' dir='ltr'>Dux,</span> <span class='ocrx_word' id='word_1_51' title='bbox 631 956 769 992; x_wconf 72' lang='lat' dir='ltr'>Rolloee,</span> <span class='ocrx_word' id='word_1_52' title='bbox 785 956 888 996; x_wconf 85' lang='lat' dir='ltr'>gregis</span> <span class='ocrx_word' id='word_1_53' title='bbox 904 961 991 986; x_wconf 82' lang='lat' dir='ltr'>tener</span> <span class='ocrx_word' id='word_1_54' title='bbox 1007 955 1123 991; x_wconf 79' lang='lat' dir='ltr'>tenelli,</span> 
     </span>
     <span class='ocr_line' id='line_1_11' title="bbox 523 1015 1058 1055; baseline -0.004 -9"><span class='ocrx_word' id='word_1_55' title='bbox 523 1017 697 1046; x_wconf 85' lang='lat' dir='ltr'>Doctarum</span> <span class='ocrx_word' id='word_1_56' title='bbox 713 1016 807 1045; x_wconf 89' lang='lat' dir='ltr'>decus</span> <span class='ocrx_word' id='word_1_57' title='bbox 823 1015 1058 1055; x_wconf 79' lang='lat' dir='ltr'>elegantiarum,</span> 
     </span>
    </p>

    <p class='ocr_par' dir='ltr' id='par_1_6' title="bbox 523 1075 1161 1295">
     <span class='ocr_line' id='line_1_12' title="bbox 524 1075 1122 1115; baseline -0.003 -9"><span class='ocrx_word' id='word_1_58' title='bbox 524 1076 565 1106; x_wconf 83' lang='lat' dir='ltr'>Et</span> <span class='ocrx_word' id='word_1_59' title='bbox 581 1087 704 1105; x_wconf 85' lang='lat' dir='ltr'>morum</span> <span class='ocrx_word' id='word_1_60' title='bbox 719 1075 875 1115; x_wconf 80' lang='lat' dir='ltr'>specimen</span> <span class='ocrx_word' id='word_1_61' title='bbox 890 1075 1122 1105; x_wconf 81' lang='lat' dir='ltr'>modestiorum.</span> 
     </span>
     <span class='ocr_line' id='line_1_13' title="bbox 523 1135 1125 1175; baseline 0 -10"><span class='ocrx_word' id='word_1_62' title='bbox 523 1137 608 1171; x_wconf 80' lang='lat' dir='ltr'>Dux,</span> <span class='ocrx_word' id='word_1_63' title='bbox 627 1135 766 1171; x_wconf 80' lang='lat' dir='ltr'>Rolloce,</span> <span class='ocrx_word' id='word_1_64' title='bbox 784 1135 886 1175; x_wconf 79' lang='lat' dir='ltr'>gregis</span> <span class='ocrx_word' id='word_1_65' title='bbox 902 1146 988 1165; x_wconf 80' lang='lat' dir='ltr'>sacer</span> <span class='ocrx_word' id='word_1_66' title='bbox 1003 1135 1125 1171; x_wconf 84' lang='lat' dir='ltr'>sacrati,</span> 
     </span>
     <span class='ocr_line' id='line_1_14' title="bbox 525 1194 1161 1235; baseline -0.002 -10"><span class='ocrx_word' id='word_1_67' title='bbox 525 1196 578 1225; x_wconf 65' lang='lat' dir='ltr'>Sal</span> <span class='ocrx_word' id='word_1_68' title='bbox 595 1202 685 1225; x_wconf 85' lang='lat' dir='ltr'>terrae</span> <span class='ocrx_word' id='word_1_69' title='bbox 702 1195 768 1225; x_wconf 86' lang='lat' dir='ltr'>sine</span> <span class='ocrx_word' id='word_1_70' title='bbox 783 1195 901 1231; x_wconf 81' lang='lat' dir='ltr'>fraude,</span> <span class='ocrx_word' id='word_1_71' title='bbox 920 1194 1025 1235; x_wconf 84' lang='lat' dir='ltr'>solque</span> <span class='ocrx_word' id='word_1_72' title='bbox 1042 1195 1161 1230; x_wconf 85' lang='lat' dir='ltr'>mundi,</span> 
     </span>
     <span class='ocr_line' id='line_1_15' title="bbox 524 1254 1024 1295; baseline 0 -11"><span class='ocrx_word' id='word_1_73' title='bbox 524 1255 565 1284; x_wconf 87' lang='lat' dir='ltr'>Et</span> <span class='ocrx_word' id='word_1_74' title='bbox 580 1255 652 1285; x_wconf 85' lang='lat' dir='ltr'>vitae</span> <span class='ocrx_word' id='word_1_75' title='bbox 669 1254 829 1295; x_wconf 88' lang='lat' dir='ltr'>speculum</span> <span class='ocrx_word' id='word_1_76' title='bbox 844 1254 1004 1284; x_wconf 68' lang='lat' dir='ltr'>laboriosa}</span> <span class='ocrx_word' id='word_1_77' title='bbox 1017 1266 1024 1289; x_wconf 90' lang='lat'>;</span> 
     </span>
    </p>

    <p class='ocr_par' dir='ltr' id='par_1_7' title="bbox 523 1313 1192 1532">
     <span class='ocr_line' id='line_1_16' title="bbox 525 1313 1132 1354; baseline 0 -11"><span class='ocrx_word' id='word_1_78' title='bbox 525 1315 596 1349; x_wconf 87' lang='lat' dir='ltr'>Quo</span> <span class='ocrx_word' id='word_1_79' title='bbox 613 1314 752 1343; x_wconf 85' lang='lat' dir='ltr'>diversus</span> <span class='ocrx_word' id='word_1_80' title='bbox 767 1313 856 1344; x_wconf 82' lang='lat' dir='ltr'>abis?</span> <span class='ocrx_word' id='word_1_81' title='bbox 873 1319 943 1343; x_wconf 86' lang='lat' dir='ltr'>tuos</span> <span class='ocrx_word' id='word_1_82' title='bbox 959 1313 1132 1354; x_wconf 80' lang='lat' dir='ltr'>relinquis?</span> 
     </span>
     <span class='ocr_line' id='line_1_17' title="bbox 523 1373 1192 1413; baseline -0.001 -10"><span class='ocrx_word' id='word_1_83' title='bbox 523 1373 692 1403; x_wconf 75' lang='lat' dir='ltr'>Praesens?</span> <span class='ocrx_word' id='word_1_84' title='bbox 714 1384 794 1403; x_wconf 85' lang='lat' dir='ltr'>anne</span> <span class='ocrx_word' id='word_1_85' title='bbox 809 1373 916 1403; x_wconf 82' lang='lat' dir='ltr'>abiens</span> <span class='ocrx_word' id='word_1_86' title='bbox 932 1378 1002 1403; x_wconf 79' lang='lat' dir='ltr'>tuos</span> <span class='ocrx_word' id='word_1_87' title='bbox 1017 1373 1166 1413; x_wconf 75' lang='lat' dir='ltr'>relinquis</span> <span class='ocrx_word' id='word_1_88' title='bbox 1179 1374 1192 1403; x_wconf 58' lang='lat' dir='ltr'>&#39;f</span> 
     </span>
     <span class='ocr_line' id='line_1_18' title="bbox 525 1432 1174 1473; baseline 0 -11"><span class='ocrx_word' id='word_1_89' title='bbox 525 1433 652 1473; x_wconf 84' lang='lat' dir='ltr'>Absque</span> <span class='ocrx_word' id='word_1_90' title='bbox 668 1437 698 1462; x_wconf 85' lang='lat' dir='ltr'>et</span> <span class='ocrx_word' id='word_1_91' title='bbox 714 1443 766 1472; x_wconf 85' lang='lat' dir='ltr'>spe</span> <span class='ocrx_word' id='word_1_92' title='bbox 782 1432 901 1462; x_wconf 87' lang='lat' dir='ltr'>reditus</span> <span class='ocrx_word' id='word_1_93' title='bbox 917 1438 986 1462; x_wconf 80' lang='lat' dir='ltr'>tuos</span> <span class='ocrx_word' id='word_1_94' title='bbox 1002 1432 1174 1473; x_wconf 75' lang='lat' dir='ltr'>relinquis?</span> 
     </span>
     <span class='ocr_line' id='line_1_19' title="bbox 526 1492 1083 1532; baseline 0 -11"><span class='ocrx_word' id='word_1_95' title='bbox 526 1492 642 1521; x_wconf 84' lang='lat' dir='ltr'>Invidit</span> <span class='ocrx_word' id='word_1_96' title='bbox 657 1492 713 1522; x_wconf 84' lang='lat' dir='ltr'>tibi</span> <span class='ocrx_word' id='word_1_97' title='bbox 729 1503 820 1522; x_wconf 85' lang='lat' dir='ltr'>nemo</span> <span class='ocrx_word' id='word_1_98' title='bbox 836 1503 929 1522; x_wconf 83' lang='lat' dir='ltr'>sanus</span> <span class='ocrx_word' id='word_1_99' title='bbox 945 1503 1083 1532; x_wconf 84' lang='lat' dir='ltr'>unquam</span> 
     </span>
    </p>

    <p class='ocr_par' dir='ltr' id='par_1_8' title="bbox 525 1551 1149 1711">
     <span class='ocr_line' id='line_1_20' title="bbox 525 1551 1142 1592; baseline 0.002 -12"><span class='ocrx_word' id='word_1_100' title='bbox 525 1553 591 1581; x_wconf 86' lang='lat' dir='ltr'>Aut</span> <span class='ocrx_word' id='word_1_101' title='bbox 607 1552 671 1581; x_wconf 85' lang='lat' dir='ltr'>cari</span> <span class='ocrx_word' id='word_1_102' title='bbox 687 1551 854 1582; x_wconf 84' lang='lat' dir='ltr'>emeritum</span> <span class='ocrx_word' id='word_1_103' title='bbox 868 1552 971 1592; x_wconf 82' lang='lat' dir='ltr'>gregis</span> <span class='ocrx_word' id='word_1_104' title='bbox 987 1552 1142 1585; x_wconf 68' lang='lat' dir='ltr'>favorem3</span> 
     </span>
     <span class='ocr_line' id='line_1_21' title="bbox 527 1611 1149 1652; baseline 0.003 -12"><span class='ocrx_word' id='word_1_105' title='bbox 527 1611 594 1640; x_wconf 86' lang='lat' dir='ltr'>Aut</span> <span class='ocrx_word' id='word_1_106' title='bbox 611 1622 626 1640; x_wconf 90' lang='lat' dir='ltr'>c</span> <span class='ocrx_word' id='word_1_107' title='bbox 640 1611 863 1642; x_wconf 82' lang='lat' dir='ltr'>lariaureolum</span> <span class='ocrx_word' id='word_1_108' title='bbox 878 1612 981 1652; x_wconf 85' lang='lat' dir='ltr'>gregis</span> <span class='ocrx_word' id='word_1_109' title='bbox 997 1612 1149 1648; x_wconf 80' lang='lat' dir='ltr'>decorem,</span> 
     </span>
     <span class='ocr_line' id='line_1_22' title="bbox 526 1670 993 1711; baseline 0.006 -13"><span class='ocrx_word' id='word_1_110' title='bbox 526 1670 643 1699; x_wconf 84' lang='lat' dir='ltr'>Invidit</span> <span class='ocrx_word' id='word_1_111' title='bbox 658 1670 714 1700; x_wconf 84' lang='lat' dir='ltr'>tibi</span> <span class='ocrx_word' id='word_1_112' title='bbox 729 1681 820 1700; x_wconf 81' lang='lat' dir='ltr'>nemo</span> <span class='ocrx_word' id='word_1_113' title='bbox 836 1671 993 1711; x_wconf 83' lang='lat' dir='ltr'>publicata</span> 
     </span>
    </p>

    <p class='ocr_par' dir='ltr' id='par_1_9' title="bbox 526 1729 1216 2071">
     <span class='ocr_line' id='line_1_23' title="bbox 526 1729 1069 1770; baseline 0.004 -12"><span class='ocrx_word' id='word_1_114' title='bbox 526 1729 695 1759; x_wconf 84' lang='lat' dir='ltr'>Castarum</span> <span class='ocrx_word' id='word_1_115' title='bbox 710 1729 821 1759; x_wconf 78' lang='lat' dir='ltr'>intima</span> <span class='ocrx_word' id='word_1_116' title='bbox 836 1730 1069 1770; x_wconf 83' lang='lat' dir='ltr'>cogitationum,</span> 
     </span>
     <span class='ocr_line' id='line_1_24' title="bbox 527 1789 1112 1821; baseline 0.003 -3"><span class='ocrx_word' id='word_1_117' title='bbox 527 1789 716 1819; x_wconf 79' lang='lat' dir='ltr'>Sanctarum</span> <span class='ocrx_word' id='word_1_118' title='bbox 730 1790 835 1820; x_wconf 86' lang='lat' dir='ltr'>abdita</span> <span class='ocrx_word' id='word_1_119' title='bbox 850 1790 1112 1821; x_wconf 81' lang='lat' dir='ltr'>lucubrationum.</span> 
     </span>
     <span class='ocr_line' id='line_1_25' title="bbox 528 1848 1067 1890; baseline 0.006 -13"><span class='ocrx_word' id='word_1_120' title='bbox 528 1848 644 1878; x_wconf 86' lang='lat' dir='ltr'>Invidit</span> <span class='ocrx_word' id='word_1_121' title='bbox 660 1849 716 1878; x_wconf 88' lang='lat' dir='ltr'>tibi</span> <span class='ocrx_word' id='word_1_122' title='bbox 732 1860 824 1879; x_wconf 87' lang='lat' dir='ltr'>nemo</span> <span class='ocrx_word' id='word_1_123' title='bbox 839 1849 972 1890; x_wconf 82' lang='lat' dir='ltr'>gratiam</span> <span class='ocrx_word' id='word_1_124' title='bbox 987 1850 1067 1881; x_wconf 79' lang='lat' dir='ltr'>aulae</span> 
     </span>
     <span class='ocr_line' id='line_1_26' title="bbox 527 1909 1216 1952; baseline 0.006 -14"><span class='ocrx_word' id='word_1_125' title='bbox 527 1909 661 1939; x_wconf 73' lang='lat' dir='ltr'>Gratum</span> <span class='ocrx_word' id='word_1_126' title='bbox 677 1909 811 1949; x_wconf 84' lang='lat' dir='ltr'>gratiam</span> <span class='ocrx_word' id='word_1_127' title='bbox 826 1921 894 1940; x_wconf 82' lang='lat' dir='ltr'>eam</span> <span class='ocrx_word' id='word_1_128' title='bbox 909 1916 939 1941; x_wconf 90' lang='lat' dir='ltr'>et</span> <span class='ocrx_word' id='word_1_129' title='bbox 954 1911 1216 1952; x_wconf 75' lang='lat' dir='ltr'>1·e(linteg⁷ratum;</span> 
     </span>
     <span class='ocr_line' id='line_1_27' title="bbox 528 1968 1081 2011; baseline 0.005 -13"><span class='ocrx_word' id='word_1_130' title='bbox 528 1968 628 1998; x_wconf 83' lang='lat' dir='ltr'>Grata</span> <span class='ocrx_word' id='word_1_131' title='bbox 643 1974 677 1998; x_wconf 91' lang='lat' dir='ltr'>ut</span> <span class='ocrx_word' id='word_1_132' title='bbox 692 1970 793 2009; x_wconf 87' lang='lat' dir='ltr'>gratia</span> <span class='ocrx_word' id='word_1_133' title='bbox 807 1970 848 2000; x_wconf 87' lang='lat' dir='ltr'>sit</span> <span class='ocrx_word' id='word_1_134' title='bbox 863 1970 1081 2011; x_wconf 80' lang='lat' dir='ltr'>redintegrata.</span> 
     </span>
     <span class='ocr_line' id='line_1_28' title="bbox 528 2028 1047 2071; baseline 0.008 -14"><span class='ocrx_word' id='word_1_135' title='bbox 528 2028 645 2058; x_wconf 79' lang='lat' dir='ltr'>Invidit</span> <span class='ocrx_word' id='word_1_136' title='bbox 661 2028 718 2059; x_wconf 82' lang='lat' dir='ltr'>tibi</span> <span class='ocrx_word' id='word_1_137' title='bbox 734 2040 827 2059; x_wconf 87' lang='lat' dir='ltr'>nemo</span> <span class='ocrx_word' id='word_1_138' title='bbox 842 2036 1047 2071; x_wconf 85' lang='lat' dir='ltr'>propagatum</span> 
     </span>
    </p>

    <p class='ocr_par' dir='ltr' id='par_1_10' title="bbox 529 2087 1296 2193">
     <span class='ocr_line' id='line_1_29' title="bbox 529 2087 1154 2132; baseline 0.008 -16"><span class='ocrx_word' id='word_1_139' title='bbox 529 2087 617 2128; x_wconf 72' lang='lat' dir='ltr'>Saepe</span> <span class='ocrx_word' id='word_1_140' title='bbox 632 2099 651 2117; x_wconf 87' lang='lat' dir='ltr'>a</span> <span class='ocrx_word' id='word_1_141' title='bbox 665 2088 804 2130; x_wconf 82' lang='lat' dir='ltr'>principe</span> <span class='ocrx_word' id='word_1_142' title='bbox 820 2089 907 2130; x_wconf 72' lang='lat' dir='ltr'>paene</span> <span class='ocrx_word' id='word_1_143' title='bbox 923 2090 1133 2132; x_wconf 84' lang='lat' dir='ltr'>principatum</span> <span class='ocrx_word' id='word_1_144' title='bbox 1148 2103 1154 2121; x_wconf 89' lang='lat'>:</span> 
     </span>
     <span class='ocr_line' id='line_1_30' title="bbox 529 2147 1296 2193; baseline 0.008 -16"><span class='ocrx_word' id='word_1_145' title='bbox 529 2147 718 2188; x_wconf 68' lang='lat' dir='ltr'>Quanquam</span> <span class='ocrx_word' id='word_1_146' title='bbox 733 2157 839 2180; x_wconf 80' lang='lat' dir='ltr'>exorte</span> <span class='ocrx_word' id='word_1_147' title='bbox 854 2161 927 2180; x_wconf 87' lang='lat' dir='ltr'>cum</span> <span class='ocrx_word' id='word_1_148' title='bbox 943 2151 1060 2181; x_wconf 81' lang='lat' dir='ltr'>honore</span> <span class='ocrx_word' id='word_1_149' title='bbox 1076 2152 1296 2193; x_wconf 82' lang='lat' dir='ltr'>principatum.</span> 
     </span>
    </p>
   </div>
   <div class='ocr_carea' id='block_1_6' title="bbox 530 2206 1106 2249">
    <p class='ocr_par' dir='ltr' id='par_1_11' title="bbox 530 2206 1106 2249">
     <span class='ocr_line' id='line_1_31' title="bbox 530 2206 1106 2249; baseline 0.009 -14"><span class='ocrx_word' id='word_1_150' title='bbox 530 2206 581 2236; x_wconf 78' lang='lat' dir='ltr'>Nil</span> <span class='ocrx_word' id='word_1_151' title='bbox 597 2207 708 2237; x_wconf 90' lang='lat' dir='ltr'>horum</span> <span class='ocrx_word' id='word_1_152' title='bbox 725 2209 781 2239; x_wconf 89' lang='lat' dir='ltr'>tibi</span> <span class='ocrx_word' id='word_1_153' title='bbox 797 2221 862 2249; x_wconf 85' lang='lat' dir='ltr'>ego,</span> <span class='ocrx_word' id='word_1_154' title='bbox 881 2210 936 2240; x_wconf 89' lang='lat' dir='ltr'>tibi</span> <span class='ocrx_word' id='word_1_155' title='bbox 952 2221 1008 2240; x_wconf 81' lang='lat' dir='ltr'>nce</span> <span class='ocrx_word' id='word_1_156' title='bbox 1026 2211 1106 2240; x_wconf 84' lang='lat' dir='ltr'>ullus</span> 
     </span>
    </p>
   </div>
  </div>
 </body>
</html>
