1905 2746
686 300 892 330 ROBERTI
918 299 1131 329 ROLLOCI.
1560 302 1599 332 31

282 407 395 439 studia
413 407 571 439 ineunda.
620 406 688 439 Ubi
708 406 900 451 Collegium
919 407 1012 449 quod
1030 405 1307 438 Salvatorianum
1328 411 1452 438 vocant
1470 407 1601 449 ingres-

280 495 349 524 sus,
364 496 419 518 eos
434 496 633 529 progressus
652 484 823 530 (Regente
840 484 862 517 J
865 496 975 518 oanne
997 485 1087 517 Caro
1105 485 1181 517 viro
1206 484 1452 527 eruditissimo)
1473 485 1508 516 in
1522 485 1597 527 phi-

280 564 444 611 losophiae
467 565 591 597 studiis
615 564 705 603 fecit,
730 569 770 598 ut
794 576 836 597 ex
859 565 1100 607 condiscipulis
1123 564 1223 607 pauci
1245 574 1325 596 eum
1348 564 1493 596 assecuti
1518 564 1598 599 siut,

280 654 380 675 nemo
397 645 566 678 anteierit.
619 644 753 677 Exacto
777 645 841 677 hoc
865 645 1045 682 curriculo,
1063 644 1126 676 etsi
1149 643 1320 682 omnibus,
1338 648 1479 686 propter
1503 654 1598 687 egre-

278 724 351 766 gias
366 734 444 766 quae
459 724 495 756 in
509 735 549 757 eo
563 724 740 757 enitebant
753 724 859 763 dotes,
872 728 960 757 esset
975 723 1208 762 charissimus,
1221 723 1350 755 vicaria
1364 727 1479 755 tamen
1494 733 1597 764 opera

277 803 478 845 aliquandiu
496 803 532 835 in
549 803 700 836 docenda
717 803 936 846 philosophia
954 802 1094 835 functus
1112 807 1174 840 est,
1188 802 1294 834 donec
1312 806 1455 834 vacante
1473 803 1545 834 loco
1560 803 1595 833 in

278 893 461 915 munerum
479 882 711 925 professorum
735 882 964 925 philosophiae
982 883 1124 914 allectus
1142 886 1193 914 est
1208 891 1217 920 ;
1245 881 1281 913 in
1299 892 1368 924 qua
1386 881 1594 924 professione

274 962 323 994 ita
337 972 414 995 cum
430 962 656 1005 philosophiae
670 963 794 996 Studiis
808 963 972 1006 pietatem
991 962 1115 995 animis
1130 962 1384 995 adolescentum
1399 963 1592 999 instillavit,

273 1046 311 1074 ut
330 1052 491 1085 magnam
509 1042 587 1074 inde
605 1043 742 1075 laudem
760 1043 904 1085 adeptus
923 1043 978 1081 sit,
997 1048 1030 1075 et
1048 1042 1189 1085 coeperit
1213 1042 1321 1084 ipsius
1346 1053 1471 1075 nomen
1489 1042 1593 1074 latius

274 1123 468 1165 propagari.

319 1201 457 1234 Accidit
484 1201 615 1234 interea
642 1207 681 1234 ut
711 1201 858 1235 Senatus
893 1202 1171 1247 Edinburgensis
1203 1203 1244 1235 de
1274 1203 1437 1246 erigenda
1467 1201 1591 1234 EDIN-

274 1289 395 1312 BURGi
422 1280 652 1313 ACADEMIA
678 1281 830 1325 cogitare
856 1282 1007 1324 coeperit,
1034 1281 1137 1324 idque
1167 1280 1343 1324 praecipue
1369 1280 1591 1324 instigatione

270 1360 413 1393 JACOBI
441 1360 639 1393 LAUSONH
671 1361 821 1403 pastoris
855 1360 1044 1393 fidelissimi
1072 1358 1184 1405 (cujus
1220 1360 1348 1393 eximia
1381 1360 1530 1393 eruditio
1555 1366 1589 1393 et

269 1440 377 1480 pietas
405 1439 511 1482 digna
538 1443 590 1471 est
617 1449 697 1482 quae
726 1439 885 1472 omnibus
916 1440 1051 1473 saeculis
1081 1439 1284 1482 celebretur)
1314 1444 1347 1471 et
1376 1438 1589 1472 GU1.1ELM[

268 1518 430 1550 LITILLI
450 1519 517 1551 viri
535 1519 761 1562 integerrimi,
779 1524 813 1552 et
831 1524 972 1562 propter
989 1523 1176 1562 spectatam
1195 1519 1415 1561 prudentiam
1435 1529 1473 1550 ac
1491 1518 1588 1551 forti-

265 1599 420 1630 tudinem
448 1597 580 1631 civibus
606 1598 678 1631 suis
709 1598 912 1631 charissimi.
939 1623 943 1627 .
965 1598 1141 1643 Cogitatio
1169 1599 1243 1631 haec
1274 1598 1354 1630 hinc
1384 1602 1470 1636 orta,
1496 1599 1589 1641 quod

262 1679 359 1722 regni
375 1678 578 1721 Metropolis
592 1683 690 1717 esset,
704 1683 738 1711 et
753 1678 1043 1713 animadverteret
1058 1677 1205 1711 Senatus
1220 1678 1310 1711 cives
1322 1688 1413 1716 suos,
1427 1688 1497 1710 non
1510 1682 1585 1710 tan-

260 1760 337 1792 tum
354 1760 454 1804 gravi
475 1760 642 1798 molestia,
660 1759 720 1792 sed
742 1770 868 1803 magno
891 1760 996 1792 etiam
1019 1759 1204 1802 impendio,
1229 1758 1353 1791 liberos
1378 1757 1579 1800 Andreapo-

264 1839 323 1876 lin,
338 1843 396 1871 aut
416 1839 459 1871 ad
476 1839 562 1872 alias
581 1838 788 1872 Academias
807 1839 1011 1872 erudiendos
1030 1839 1199 1883 ablegare,
1217 1843 1251 1871 et
1268 1838 1360 1882 quod
1378 1838 1583 1881 intelligeret

264 1918 455 1960 complures
469 1918 636 1950 tenuioris
654 1917 805 1950 fortunae
819 1918 868 1950 sic
881 1918 1044 1962 angustia
1056 1918 1106 1950 rei
1119 1916 1300 1949 familiaris
1314 1916 1423 1959 premi
1434 1920 1474 1947 ut
1485 1920 1582 1948 extra

263 2000 402 2031 domum
417 2009 516 2031 suam
531 2003 691 2042 sumptus
711 2000 896 2032 educandis
910 1999 1026 2032 liberis
1041 2000 1187 2032 tolerare
1201 1998 1394 2041 nequirent,
1408 2008 1515 2040 eoque
1529 2008 1582 2030 co-

260 2084 352 2111 actos
370 2079 573 2121 plerumque
591 2078 753 2111 sublimia
770 2079 909 2123 ingenia
927 2078 1133 2111 mechanicis
1151 2077 1285 2110 artibus
1304 2077 1470 2110 addicere.
1511 2075 1578 2108 Ubi
