1905 2746
353 323 399 353 24
828 317 936 347 VITA
963 318 1024 347 ET
1049 318 1172 347 MORS

358 443 475 475 quaeso
481 437 515 465 te
523 436 698 476 parentem
711 442 749 464 ac
760 431 1002 465 Maecenatem:
1014 431 1102 464 Cum
1114 443 1176 475 pro
1187 432 1354 476 dignitate
1365 442 1434 474 qua
1445 432 1481 464 in
1495 432 1657 475 Republi-

359 525 397 546 ca
408 515 524 552 clares,
538 524 576 546 ac
589 513 715 546 illustri
732 523 874 545 munere
891 523 959 556 quo
977 513 1120 552 ornaris,
1138 512 1300 545 Ecclesiae
1319 524 1418 556 opem
1436 512 1524 545 ferre
1536 514 1661 551 valeas,

358 605 400 627 ne
413 605 531 638 quaeso
542 605 616 626 eam
630 593 804 632 subtrahe,
816 594 852 626 in
864 594 937 637 ejus
951 593 1149 636 praesidium
1161 597 1256 626 artus
1270 604 1307 626 ac
1321 594 1408 626 vires
1419 598 1496 626 tuas
1514 594 1662 631 intende,

361 686 422 707 nec
439 675 577 707 interim
590 675 681 706 salus
699 678 760 706 tua
772 684 851 716 quae
869 677 919 705 est
932 673 969 705 in
986 673 1125 705 Christo
1138 674 1312 706 memoriae
1331 674 1474 712 excidat,
1488 675 1662 706 mundana

356 756 430 788 haec
448 755 563 787 omnia
576 753 669 786 fluxa
686 758 778 792 sunt,
791 764 939 796 moxque
953 753 1158 786 flaccescent.
1195 753 1289 786 Deus
1301 759 1344 792 te,
1360 759 1455 787 tuam
1466 756 1658 799 conjugem,

357 836 554 868 universam
565 834 733 867 familiam
746 834 991 868 benedictionis
1006 846 1075 867 suae
1090 835 1252 868 thesauro
1265 836 1425 868 cumulet.
1456 835 1589 868 Eadem
1601 836 1660 868 illa

358 921 455 949 nocte
472 916 546 949 haec
563 915 668 948 verba
684 916 847 948 excidisse
864 916 895 948 ei
913 915 1131 948 observatum
1150 928 1156 948 ε
1185 916 1388 959 Tranquilla
1407 916 1492 948 mihi
1510 926 1606 948 mens
1624 917 1659 948 in

357 1007 496 1039 corpore
516 1008 621 1041 aegro,
642 997 773 1034 mortis,
794 997 932 1039 peccati,
950 1000 983 1028 et
1003 995 1140 1029 Satanae
1166 1001 1261 1029 metu
1286 1007 1355 1029 non
1380 1007 1498 1040 angor,
1524 997 1657 1029 nullum

358 1078 422 1109 illis
445 1078 481 1109 in
506 1088 560 1109 me
586 1078 779 1120 imperium,
807 1077 854 1109 sic
879 1081 994 1109 tamen
1019 1077 1129 1109 morbi
1154 1077 1303 1120 pondere
1328 1088 1474 1120 premor,
1499 1082 1538 1109 ut
1558 1078 1658 1121 longe

357 1162 483 1200 praeter
499 1168 595 1200 spem
612 1158 649 1189 in
665 1157 753 1189 hanc
770 1157 890 1190 horam
916 1158 1094 1201 supersim.
1146 1157 1207 1190 Ille
1225 1158 1323 1201 quasi
1346 1158 1383 1190 in
1410 1159 1574 1191 mortario
1591 1158 1659 1200 pis-

356 1239 430 1272 tillo
447 1239 663 1283 aegritudinis
682 1249 735 1271 me
748 1239 875 1277 tundit,
893 1243 932 1271 ut
949 1239 992 1271 ad
1010 1249 1154 1282 regnum
1172 1249 1273 1271 suum
1291 1238 1425 1271 formet.

404 1319 470 1351 Die
502 1319 724 1352 hebdomadae
758 1319 915 1356 secundo,
949 1319 1086 1357 mirum,
1124 1319 1248 1361 inquit,
1283 1319 1391 1351 videri
1425 1323 1546 1361 potest,
1581 1330 1656 1351 cum

357 1405 427 1432 tam
453 1399 717 1432 acerbeinorbo
741 1410 878 1442 coquar,
911 1400 1003 1442 quod
1032 1400 1068 1432 in
1095 1404 1231 1432 tantum
1266 1403 1439 1442 protracta
1472 1400 1544 1431 vita
1572 1410 1657 1437 mea,

358 1491 476 1513 verum
511 1491 571 1523 per
605 1480 817 1522 patientiam,
859 1480 988 1512 domini
1022 1480 1271 1522 beneplacitum
1309 1479 1542 1522 praestolabor,
1580 1491 1657 1512 con-

355 1561 488 1599 nivebo,
514 1560 711 1598 connivebo,
737 1565 817 1604 agat
842 1560 897 1592 ille
923 1570 1056 1592 mecum
1080 1571 1142 1602 pro
1167 1560 1274 1598 libito,
1300 1571 1369 1592 non
1391 1561 1555 1592 disseram
1579 1571 1656 1592 cum

358 1653 405 1674 eo.
457 1641 550 1678 Quid
567 1646 619 1673 est
635 1641 738 1673 homo
759 1641 819 1683 qui
843 1651 919 1673 cum
945 1640 1019 1672 Deo
1042 1640 1277 1683 argumentari
1301 1640 1447 1672 audeat:
1473 1642 1553 1677 imo,
1573 1641 1601 1672 si
1619 1641 1654 1672 in

356 1732 472 1754 orcum
491 1721 697 1758 detruderet,
715 1721 903 1763 parendum
922 1731 990 1753 non
1008 1720 1287 1763 responsandum.
1330 1720 1485 1752 Gratiam
1503 1720 1555 1752 fac
1568 1720 1653 1752 mihi

358 1802 504 1834 Domine
522 1806 662 1844 propter
679 1800 857 1833 Christum
874 1802 982 1833 lesum
998 1810 1006 1832 :
1032 1811 1100 1833 non
1123 1800 1283 1833 erubesco
1306 1800 1456 1843 profiteri
1476 1811 1652 1843 nunquam

359 1886 558 1924 provectum
584 1892 638 1913 me
668 1882 711 1913 ad
738 1886 809 1913 tam
835 1881 979 1914 sublime
1004 1882 1138 1914 notitiae
1167 1881 1232 1913 Dei
1257 1881 1435 1925 fastigium
1461 1892 1564 1923 quam
1590 1881 1653 1914 hoc

360 1962 477 1995 morbo
495 1963 606 2006 attigi.
657 1962 688 1994 O
706 1973 810 2005 quam
827 1962 1035 1995 horrendum
1060 1963 1095 1994 in
1116 1972 1238 1994 manus
1261 1961 1401 1994 Domini
1419 1962 1576 1999 incidere,
1594 1963 1651 1994 sed

365 2044 512 2086 reposita
539 2043 624 2076 mihi
652 2043 882 2075 misericordia
908 2043 944 2075 in
974 2042 1122 2075 Christo.
1173 2042 1264 2080 Quid
1292 2042 1503 2075 contristaris
1537 2044 1651 2075 anima

366 2134 452 2162 mea,
470 2124 551 2166 quid
569 2129 602 2156 te
620 2124 735 2167 dejicis
753 2124 789 2155 in
806 2134 871 2161 me,
888 2123 1046 2156 obveniet
1063 2123 1123 2156 tibi
1144 2134 1222 2156 mox
1237 2127 1391 2165 aspectus
1405 2127 1438 2155 et
1451 2133 1650 2166 congressus
