1905 2746
689 291 891 321 ROBERTI
918 291 1128 321 ROLLOCI.
1516 297 1559 326 23
1594 305 1596 307 ’

260 405 303 437 ad
320 410 353 437 te
371 408 473 447 caput
489 414 590 436 suum
611 405 808 436 transvolet.
847 404 991 448 Regerit
1008 416 1108 442 unus,
1123 405 1190 436 huc
1207 414 1316 446 usque
1330 416 1386 437 cor
1401 410 1499 438 tuum
1514 407 1565 438 in-

260 490 396 528 tegrum
413 485 573 527 possedit,
587 485 760 528 integrum
779 484 883 516 etiam
901 489 1060 517 assumet.
1105 484 1166 516 Ille
1181 495 1272 522 vero,
1291 485 1423 526 partiri,
1438 486 1560 527 inquit,

260 576 316 597 cor
333 565 425 597 istud
443 566 589 607 postulo,
608 569 646 598 ut
664 565 736 598 vita
758 565 833 597 haec
850 566 1017 598 naturalis
1039 570 1190 603 eruatur,
1212 569 1245 597 et
1272 564 1402 597 Christi
1424 565 1496 597 vita
1514 566 1564 597 in-

258 645 433 678 fundatur.
485 645 578 678 Tum
596 657 638 678 ex
655 645 847 678 astantibus
865 657 966 683 unus,
984 657 1026 678 ne
1050 651 1083 678 te
1101 646 1256 678 anxietas
1275 645 1420 683 acerbet,
1439 647 1562 677 accele-

258 732 322 764 rat,
341 726 511 759 Dominus
529 732 619 760 tuus.
672 726 830 765 Gratum,
849 727 973 769 inquit,
999 726 1083 759 mihi
1102 727 1194 759 istud
1214 727 1378 758 nuncium
1396 736 1404 758 ι
1430 727 1563 758 utinam

259 807 313 839 die
331 808 479 839 erastino
497 808 656 850 exequias
675 818 767 839 meas
785 808 964 839 duceretis.
1016 807 1106 839 Dein
1124 808 1220 845 alter,
1241 807 1350 839 Beata
1364 808 1480 839 anima
1493 811 1564 839 tam

260 887 409 919 Domino
428 888 540 920 vicina
557 898 661 930 quam
680 892 749 920 tua.
802 887 863 919 Ille
886 898 976 925 vero,
995 887 1031 918 in
1054 897 1108 918 me
1132 887 1218 918 nihil
1232 892 1293 924 est,
1305 888 1396 929 quod
1414 898 1482 918 non
1500 888 1562 919 du-

258 978 331 999 cam
349 977 412 1009 pro
429 967 645 1006 stercoribus,
662 972 702 1000 ut
720 967 899 1000 Christum
917 967 1138 1004 lucrifaciam,
1153 966 1311 999 Christus
1330 968 1431 999 unica
1451 968 1562 999 solatii

259 1049 412 1086 materia,
431 1049 542 1081 omnis
555 1049 695 1092 justitia
711 1060 787 1081 mea
804 1059 938 1091 pannus
956 1049 1166 1091 inquinatus.
1216 1048 1453 1092 Interrogatus
1475 1059 1563 1080 nun-

259 1129 341 1171 quid
356 1129 508 1162 Pastoris
520 1130 623 1161 ullius
635 1130 823 1172 alloquium
837 1129 1019 1173 flagitaret,
1037 1129 1222 1171 respondit,
1236 1140 1305 1161 non
1319 1134 1513 1161 creaturum
1528 1141 1563 1161 se

259 1209 299 1241 iis
318 1210 520 1247 molestiam,
537 1210 629 1252 quod
646 1210 689 1241 ad
707 1210 978 1242 concionandum
996 1219 1031 1241 se
1045 1210 1270 1252 accingerent.
1306 1208 1425 1247 Sinite,
1437 1210 1560 1252 inquit,

258 1300 311 1322 me
329 1291 465 1333 psittaci
483 1291 592 1323 instar
615 1301 693 1323 cum
716 1291 866 1323 Domino
888 1301 964 1323 meo
989 1289 1168 1321 balbutire.
1220 1289 1354 1322 Certior
1377 1289 1486 1322 faetus
1512 1290 1562 1322 in-

255 1370 412 1402 choatam
430 1370 636 1409 concionem,
655 1370 709 1402 Da
720 1370 817 1408 mihi,
831 1371 954 1413 inquit,
972 1370 1121 1402 Domine
1139 1381 1177 1402 ea
1196 1371 1321 1408 videre,
1335 1381 1413 1412 quae
1426 1371 1461 1402 in
1475 1382 1561 1413 prae-

256 1451 365 1483 sentia
384 1451 529 1483 audiunt
549 1451 618 1483 alii.

306 1531 470 1564 Sabbathi
488 1531 631 1564 meridie
649 1530 697 1564 sic
708 1542 786 1563 eum
801 1532 927 1564 affatur
945 1533 1096 1575 quidam,
1111 1543 1171 1575 per
1189 1543 1324 1565 omnem
1343 1533 1451 1564 vitam
1464 1538 1558 1565 tuam

257 1611 426 1644 indefessa
440 1623 552 1654 opera,
571 1612 765 1655 sedulisque
784 1613 956 1645 laboribus
974 1613 1040 1645 Dei
1058 1614 1202 1657 gloriam
1222 1614 1434 1656 promovisti.
1487 1613 1558 1651 Ille,

254 1692 339 1724 mihi
358 1693 458 1724 unica
474 1693 643 1736 gloriandi
661 1704 757 1737 seges
778 1693 1011 1726 misericordia
1029 1695 1065 1726 in
1084 1694 1224 1726 Christo
1241 1693 1264 1725 J
1266 1705 1336 1732 esu,
1354 1695 1421 1726 alia
1443 1697 1556 1728 onmia

255 1772 381 1804 damna
393 1773 489 1805 duco.
533 1773 622 1806 Dein
634 1784 735 1817 sopor
747 1775 887 1817 quidam
899 1776 997 1807 molis
1010 1786 1089 1807 eum
1101 1776 1245 1814 invadit,
1257 1777 1316 1818 qui
1332 1777 1367 1808 in
1382 1787 1556 1818 vesperam

255 1859 411 1896 occupat:
424 1865 493 1896 quo
507 1855 669 1893 discusso,
682 1855 856 1899 ingressus
870 1856 913 1887 ad
927 1866 1005 1888 eum
1019 1856 1149 1888 ordinis
1164 1855 1333 1888 Senatorii
1346 1856 1488 1894 Praeses,
1501 1858 1554 1889 cui

257 1933 452 1978 Edinburgi
470 1945 509 1966 eo
526 1945 616 1967 anno
634 1935 847 1968 Praefectura
866 1937 1061 1974 obvenerat,
1080 1947 1158 1968 eum
1172 1937 1220 1969 sic
1235 1937 1430 1978 alloquitur.
1466 1937 1553 1969 Aca-

255 2015 401 2046 demiam
412 2014 624 2057 amplexibus
637 2015 917 2059 Magistratuum,
930 2016 1054 2059 quibus
1066 2021 1104 2049 tu
1116 2016 1264 2049 Domine
1277 2028 1396 2059 praees,
1404 2017 1493 2049 serio
1504 2018 1554 2050 in-

254 2095 401 2132 sinuavi,
414 2100 452 2126 tu
465 2095 572 2127 etiam
580 2096 720 2128 eandem
733 2097 912 2138 patrocinii
924 2097 974 2129 tui
986 2097 1117 2140 gremio
1128 2098 1345 2139 amplectere:
1357 2098 1552 2140 experiatur
