1905 2746
770 335 977 366 ROBERTI
1002 337 1215 368 ROLLOCI.
1542 344 1586 373 55

269 460 351 489 ens;
371 453 391 468 ‘⁶
404 449 487 484 Istae
505 451 607 484 etiam
626 461 760 489 manus,
778 451 903 495 inquit,
920 451 1048 485 illustri
1065 452 1177 496 gloria
1193 452 1406 498 fulgebunt.”
1445 452 1585 488 Exinde

267 540 379 563 sermo
403 530 434 562 ei
457 529 659 563 submissior
680 534 714 563 et
736 531 953 569 contractior,
971 530 1076 564 verba
1094 536 1210 564 tamen
1228 531 1334 565 fortia
1360 544 1398 565 ac
1424 534 1580 572 efficacia,

265 609 432 653 gaudium
450 610 584 642 coeleste
602 610 770 653 spirantia
787 621 826 643 ac
844 611 1043 650 redolentia,
1061 622 1137 654 quae
1155 612 1309 655 placidus
1328 623 1470 645 somnus
1488 624 1582 646 exce-

264 688 326 732 pit,
339 689 400 732 qui
411 670 488 722 cum
501 690 702 733 aliquandiu
714 700 792 723 eum
805 691 1049 733 occupavisset,
1061 691 1194 734 placide
1207 703 1245 724 ac
1259 693 1413 725 suaviter
1422 692 1578 726 Creatori

263 778 302 801 ac
320 768 543 812 Redemptori
561 780 624 803 suo
641 770 794 803 animam
812 771 1038 804 commendat.
1081 770 1131 804 Et
1144 773 1303 815 quamvis
1318 773 1500 812 extinctuS,
1519 785 1579 806 no-

262 852 314 880 tas
341 853 457 881 tamen
478 850 546 882 oris
572 850 685 893 pallor
709 861 779 882 non
801 850 1044 890 confundebat,
1068 851 1189 884 versun
1217 856 1409 896 temperato
1426 854 1576 896 quodam

261 927 385 960 rubore
402 928 685 971 perfundebatur.
725 929 823 962 Obiit
841 934 939 963 sexto
958 929 1041 963 Idus
1060 930 1242 964 Februarii
1263 934 1367 971 1598,
1385 934 1493 965 veteri
1511 935 1577 966 cal-

259 1007 336 1040 culo
354 1006 427 1050 (qui
448 1011 524 1040 tum
541 1008 578 1040 in
595 1009 676 1052 usu)
695 1009 832 1052 expleto
852 1009 927 1053 jam
945 1010 1059 1043 aetatis
1077 1021 1150 1043 suae
1168 1009 1275 1044 Anno
1295 1012 1352 1044 43.
1402 1011 1491 1044 Erat
1508 1017 1575 1045 sta-

260 1091 340 1120 tura
356 1087 531 1126 mediocri,
548 1088 660 1120 colore
677 1088 801 1121 rubido
819 1088 874 1122 cui
889 1089 1016 1122 candor
1027 1090 1168 1132 quidam
1187 1090 1367 1129 admistus,
1386 1102 1483 1124 coma
1496 1092 1575 1125 sub-

258 1165 346 1204 rufa,
373 1167 473 1200 vultu
499 1167 542 1199 ad
565 1167 763 1200 comitatem
788 1168 1068 1213 gravitatemque
1086 1170 1215 1212 pariter
1232 1169 1324 1203 facto
1343 1180 1352 1209 ;
1375 1171 1573 1204 valetudine

256 1226 380 1290 parum
398 1247 507 1286 firma,
526 1258 631 1291 quam
648 1248 778 1281 mirum
796 1254 870 1281 erat
887 1249 931 1281 ad
954 1253 1070 1282 tantos
1088 1250 1221 1283 labores
1239 1250 1392 1284 sufficere
1410 1253 1573 1294 potuisse,

255 1327 424 1371 singulari
447 1328 586 1371 pietate,
609 1328 847 1367 sanctimonia,
865 1328 945 1362 vitae
970 1329 1176 1368 innocentia,
1194 1341 1299 1373 quam
1317 1331 1372 1363 vel
1394 1331 1496 1364 inviti
1515 1332 1573 1364 ad-

256 1404 474 1440 mirabantur
491 1412 525 1440 et
542 1407 731 1441 laudabant
748 1408 815 1451 ipsi
833 1408 989 1441 veritatis
1007 1408 1133 1442 hostes.
1161 1409 1203 1442 In
1218 1411 1395 1443 vocatione
1413 1421 1476 1443 sua
1493 1411 1572 1444 fide-

254 1487 405 1520 lissimus
423 1491 458 1520 et
475 1487 774 1531 vigilantissimuS,
789 1487 947 1520 assiduus
965 1487 1002 1520 in
1019 1488 1144 1520 studiis
1162 1492 1196 1521 et
1214 1489 1508 1528 meditationibus,
1529 1490 1571 1523 ab

254 1566 324 1599 otio
342 1566 447 1610 supra
460 1567 566 1610 quam
579 1566 679 1600 facile
697 1567 813 1600 credas
828 1566 1017 1600 abhorrens
1031 1577 1038 1600 :
1056 1567 1159 1600 fidem
1173 1574 1290 1600 tamen
1301 1567 1412 1601 facere
1423 1576 1569 1612 possunt

253 1651 305 1679 tot
324 1651 394 1679 tam
414 1648 531 1690 paucis
549 1647 650 1680 annis
669 1646 788 1688 (etiam
806 1657 947 1690 corpore
967 1646 1096 1680 morbis
1115 1652 1149 1680 et
1167 1648 1431 1692 aegritudinibus
1450 1649 1568 1682 debili-

251 1728 338 1770 tato)
357 1727 440 1760 editi
459 1727 502 1760 ab
522 1738 561 1759 eo
578 1727 670 1760 docti
693 1732 727 1760 et
749 1728 922 1772 elegantes
945 1728 1194 1761 commentarii.
1246 1728 1345 1761 Pacis
1372 1730 1566 1763 amantissi-

251 1817 338 1845 mus,
356 1807 565 1851 injuriarum
583 1807 867 1850 patientissimus,
881 1807 925 1840 ad
943 1807 1207 1840 condonandum
1225 1807 1420 1841 facillimus.
1457 1808 1500 1842 In
1517 1809 1563 1842 fe-

247 1888 355 1920 renda
375 1887 416 1920 de
442 1888 588 1921 aliorum
611 1887 684 1920 vita
705 1887 805 1920 dictis
831 1886 975 1920 saetisve
998 1887 1169 1920 sententia
1190 1898 1356 1931 perquam
1383 1899 1500 1931 aequus
1524 1901 1562 1922 a(-

247 1967 443 2000 moderatus
459 1976 467 1999 ε
485 1967 588 2000 Secus
606 1967 650 2000 ab
667 1967 743 2000 aliis
761 1968 896 2011 prolata
911 1967 1108 2011 praestitave
1122 1978 1256 2010 semper
1271 1966 1398 2011 (quoad
1414 1967 1487 2001 fieri
1502 1980 1560 2011 po-

246 2048 328 2091 tuit)
346 2048 383 2081 in
400 2048 576 2081 meliorem
594 2053 727 2091 partem
746 2049 993 2091 interpretatus
1011 2052 1072 2081 est.
1124 2047 1166 2080 In
1183 2049 1357 2082 communi
1376 2056 1557 2083 consuetu-

244 2131 323 2164 dine
340 2135 373 2163 et
392 2130 581 2163 amicorum
604 2130 776 2163 consortio
799 2129 958 2173 apprime
975 2129 1148 2163 humanus
1166 2141 1204 2163 ac
1218 2131 1406 2175 jucundus,
1424 2132 1461 2164 in
1479 2142 1556 2165 con-
