1905 2746
349 302 369 335 6
818 303 929 333 VITA
953 303 1014 333 ET
1039 303 1162 333 MORS

341 419 411 447 tam
422 420 537 448 autem
548 415 693 449 sublime
706 416 830 449 horum
844 417 1036 449 studiorum
1050 416 1229 461 fastigium
1243 416 1448 454 conscendit,
1462 420 1502 448 ut
1511 425 1554 448 ex
1566 426 1644 449 con-

339 493 513 537 discipulis
531 496 630 538 pauci
649 506 728 528 eum
745 496 901 534 assecuti,
918 506 1018 528 nemo
1035 496 1205 529 anteierit.
1261 495 1439 538 Completo
1456 495 1520 527 hoc
1537 495 1645 527 curri-

341 573 426 611 culo,
445 573 488 606 ob
500 574 626 607 eximia
642 585 721 618 quae
738 575 774 607 in
794 585 833 607 eo
849 579 990 617 patuere
1003 575 1103 613 dona,
1120 575 1156 607 in
1168 574 1398 618 professorum
1412 572 1645 616 Philosophiae

340 662 522 685 numerum
548 653 676 686 relatus
703 657 776 686 est:
806 652 869 685 hac
894 657 1008 685 autem
1037 652 1242 695 praefectura
1271 653 1409 697 egregia
1438 663 1514 685 cum
1545 653 1645 685 laude

341 731 565 773 quadriennio
582 730 781 774 perfunctis,
798 735 896 763 tanta
913 731 1083 764 industria
1096 731 1243 769 ornavit,
1254 731 1380 774 pietate
1393 731 1591 769 illustravit,
1605 736 1644 763 ut

341 820 381 841 ex
399 810 473 853 ejus
491 810 628 853 collegis
646 820 746 842 nemo
763 820 841 842 eum
855 810 1054 853 aequaverit.

389 888 493 921 Anno
521 890 623 921 1583.
675 888 820 921 Senatus
855 888 1125 933 Edinburgenus
1150 889 1191 921 de
1221 889 1382 933 erigenda
1410 888 1643 921 EDINBURGl

339 967 566 1000 ACADEMIA
617 968 767 1011 cogitare
809 968 921 1010 coepit,
966 967 1070 1010 idque
1113 972 1279 1011 suggestu
1321 968 1387 999 viri
1430 968 1642 1011 integerrimi

343 1045 365 1077 J
368 1053 486 1078 ACOBI
533 1045 730 1078 LAUSONII
765 1045 919 1078 Pastoris
958 1044 1199 1090 Edinburgeni
1215 1058 1222 1077 ι
1269 1047 1431 1090 cogitatio
1463 1047 1537 1079 haec
1566 1046 1646 1079 hinc

341 1124 495 1162 conflata,
522 1124 614 1167 quod
641 1124 739 1168 regni
766 1123 969 1167 Metropolis
994 1128 1093 1162 esset,
1119 1124 1474 1167 animadverteretque
1501 1124 1646 1157 Senatus

343 1214 411 1235 non
441 1204 513 1235 sine
539 1203 678 1240 civium,
705 1213 783 1235 cum
810 1202 977 1240 molestia,
1003 1206 1079 1235 tum
1107 1203 1280 1246 impendio
1317 1213 1399 1241 esse,
1425 1203 1548 1236 liberos
1574 1204 1648 1236 An-

342 1282 517 1324 dreapolin
545 1286 605 1314 aut
634 1281 717 1314 alias
745 1281 842 1325 regni
876 1285 990 1324 partes
1021 1282 1224 1314 erudiendos
1259 1281 1426 1326 ablegare,
1461 1293 1522 1314 nec
1550 1283 1648 1326 igno·

344 1366 435 1394 raret
465 1362 656 1404 complures
686 1361 851 1394 tenuioris
881 1361 982 1393 sortis
1017 1361 1065 1393 sic
1092 1361 1253 1405 angustia
1286 1361 1335 1393 rei
1362 1360 1541 1394 familiaris
1571 1373 1648 1394 con-

344 1441 490 1477 strictos,
508 1444 546 1471 ut
565 1444 723 1482 sumptus
741 1439 822 1472 alibi
840 1450 944 1482 quam
962 1438 1159 1483 Edinburgi
1177 1439 1360 1472 educandis
1374 1439 1489 1472 liberis
1503 1441 1648 1472 tolerare

344 1518 535 1560 nequirent,
554 1528 592 1549 ac
612 1517 755 1559 proinde
773 1522 904 1550 coactos
924 1518 1113 1560 plerunque
1131 1517 1291 1549 sublimia
1312 1517 1451 1561 ingenia
1468 1519 1647 1551 servilibus

344 1597 474 1629 artibus
492 1597 696 1638 mancipare.
737 1595 806 1628 Ubi
820 1596 993 1628 decretum
1008 1595 1206 1638 erigendam
1220 1594 1453 1634 Academiam,
1464 1601 1539 1629 tum
1554 1600 1648 1630 venit

346 1676 381 1706 in
403 1674 691 1712 deliberationem,
712 1674 871 1717 quisnam
896 1674 969 1718 ejus
995 1673 1233 1716 praefecturam
1260 1674 1400 1712 subiret,
1426 1676 1523 1720 quus
1545 1678 1649 1709 salvis

346 1754 516 1796 auspiciis,
535 1753 724 1790 exordium,
742 1753 962 1791 incrementa,
980 1752 1156 1797 fastigium
1176 1757 1319 1796 caperet.
1359 1753 1493 1786 Placuit
1510 1755 1648 1787 tandem

347 1843 455 1865 unum
473 1836 533 1864 aut
551 1833 696 1864 alterum
714 1831 951 1874 Andreapolin
968 1832 1211 1870 transmittere,
1232 1832 1291 1874 qui
1315 1832 1471 1876 diligenti
1489 1834 1649 1878 indagine

347 1912 600 1944 sciscitarentur
616 1911 774 1953 quisnam
796 1910 877 1942 huic
894 1910 987 1952 operi
1013 1910 1169 1952 apprime
1192 1910 1333 1943 idoneus
1357 1916 1467 1943 esset:
1493 1914 1648 1945 concordi

348 1992 518 2022 universae
536 1989 733 2022 Academiae
751 1989 915 2033 suffragio
934 1989 1093 2021 neminen
1116 1986 1187 2021 tan'l
1205 1989 1247 2021 ad
1265 1990 1477 2031 provinciam
1495 1991 1582 2024 hanc
1598 1993 1650 2024 in-

350 2074 518 2100 structum
537 2079 574 2100 ac
593 2068 820 2100 ROBERTUM
839 2067 1065 2100 ROLLOCUM
1088 2067 1234 2105 discunt,
1255 2068 1346 2110 quod
1369 2073 1402 2101 et
1423 2069 1465 2101 ad
1488 2068 1650 2102 Senatum
