1905 2746
347 298 367 327 4
825 295 936 324 VITA
961 295 1021 323 ET
1047 294 1169 324 MORS

337 402 447 424 careni
460 393 573 434 potius
585 403 688 435 quam
700 393 917 425 illustrarem.
945 392 1092 425 Moerore
1104 393 1206 425 etiam
1219 391 1381 424 Ecclesiae
1392 393 1465 436 eJus
1479 391 1575 425 obitu
1587 392 1642 424 be-

339 472 443 514 nigno
456 476 596 514 parente
607 471 748 510 orbatae,
761 471 972 514 Reipublicae
984 471 1129 514 principi
1143 472 1282 503 alumno
1301 472 1462 508 viduatae,
1474 471 1640 504 exhausta

338 551 503 582 memoria
519 561 605 589 mea,
623 551 782 583 hebetata
798 551 922 583 mentis
941 550 1038 588 acies,
1056 550 1190 582 exaruit
1208 550 1353 592 denique
1371 560 1491 582 sermo.
1528 550 1593 582 Sed
1607 555 1639 582 et

339 628 454 660 animo
480 628 658 660 volvebam
684 628 900 671 quorundam
926 629 1098 660 solennem
1129 628 1420 665 consuetudinem,
1450 627 1640 660 celebrandi

339 706 441 738 etiam
466 705 649 748 profanum
674 716 782 748 genus
808 704 999 742 hominum,
1027 715 1112 747 quos
1134 705 1208 748 jam
1234 705 1361 737 claudit
1388 705 1554 748 gehenna,
1589 717 1642 737 eo-

340 795 484 827 rumque
496 784 656 816 encomiis
671 784 873 827 multijugas
891 784 1034 827 paginas
1052 783 1264 821 refarciendi,
1283 784 1370 815 acin
1387 784 1429 815 iis
1447 784 1643 816 umbratilia

341 866 477 894 tantum
496 862 636 895 virtutis
655 862 837 894 simulacra
855 862 898 894 ad
913 862 1013 894 coelos
1024 872 1132 904 usque
1146 861 1304 894 laudibus
1318 862 1493 894 evehendi.
1546 862 1645 895 ROL-

342 949 480 973 LOCUM
501 946 616 973 autem
635 941 718 972 dum
737 945 927 983 superesset
941 950 1032 972 verae
1048 940 1187 972 virtutis
1199 940 1410 979 thesaurum,
1424 951 1516 973 nunc
1529 947 1643 974 autem

344 1020 488 1052 eoelestis
500 1019 717 1052 Hierusalem
730 1019 1020 1061 incolam,diuque
1032 1019 1147 1061 cupita
1156 1018 1328 1051 fruentem
1338 1020 1458 1063 gloria,
1465 1019 1645 1053 oblivionis

344 1110 381 1131 ac
399 1099 525 1131 silentii
544 1099 677 1130 tumulo
694 1098 836 1140 sepelire
853 1097 948 1130 nefas
967 1098 1140 1140 putabam.
1192 1097 1412 1130 Pensitabam
1426 1100 1526 1131 etiam
1543 1110 1646 1141 quam

345 1177 534 1209 innumeris
553 1178 698 1209 vinculis
716 1177 946 1208 adamantinis
960 1187 1014 1208 me
1028 1188 1105 1209 cum
1119 1177 1194 1209 aliis
1208 1155 1443 1219 plurimis—sibi
1456 1178 1646 1211 devinxerit

345 1261 383 1288 ut
409 1266 477 1288 non
504 1256 576 1287 sine
600 1254 731 1287 nefario
749 1255 871 1287 scelere
889 1259 1024 1287 tantum
1046 1256 1159 1287 virum
1181 1256 1415 1288 taciturnitate
1439 1257 1570 1298 operire
1595 1268 1649 1289 me

346 1346 443 1378 posse
461 1340 589 1378 putem.
641 1334 682 1366 In
696 1334 760 1367 hoc
777 1334 997 1367 consiliorum
1015 1334 1107 1367 bivio
1125 1333 1382 1367 cunctabundus
1400 1335 1459 1367 diu
1472 1335 1650 1374 haeseram,

348 1415 566 1447 silentiumne
584 1424 628 1446 an
646 1424 837 1446 sermonem
855 1414 896 1445 de
913 1418 1011 1446 tanto
1028 1414 1103 1445 viro
1121 1423 1344 1457 capesserem:
1363 1415 1500 1446 tandem
1519 1415 1652 1447 diutur-

350 1504 429 1526 nam
443 1493 693 1525 cunctationem
709 1492 841 1535 abrupi,
855 1493 958 1535 inque
968 1503 1043 1524 eain
1055 1493 1258 1524 sententiam
1272 1493 1439 1531 descendi,
1453 1504 1521 1525 non
1535 1493 1654 1526 verbo-

351 1584 427 1605 rum
452 1571 628 1609 illecebris,
645 1577 706 1603 aut
729 1572 897 1604 lenocinio
916 1572 1090 1609 orationis,
1114 1572 1187 1614 ejus
1212 1572 1328 1604 laudes
1350 1572 1577 1614 amplificandi
1595 1573 1655 1614 qui

347 1653 421 1696 jam
447 1651 562 1683 beatas
588 1650 682 1682 sedes
708 1650 835 1687 incolit,
856 1650 1127 1692 inexhaustoque
1153 1654 1329 1683 saturatur
1348 1651 1475 1694 gaudio
1499 1651 1531 1683 in
1557 1652 1655 1683 vultu

354 1730 419 1762 Dei
445 1734 476 1762 et
503 1728 598 1773 Agni
624 1728 839 1761 scaturiente.
889 1727 1020 1760 Verum
1047 1729 1161 1760 animo
1186 1739 1261 1761 meo
1281 1730 1386 1761 statui
1415 1730 1487 1773 ejus
1513 1730 1594 1762 vitae
1621 1741 1658 1762 ac

355 1809 475 1841 mortis
493 1808 767 1851 inclytarumque
778 1807 947 1839 virtutum
962 1806 1117 1851 effigiem,
1129 1818 1230 1850 quam
1246 1807 1318 1840 fieri
1330 1812 1442 1850 potest
1453 1819 1658 1851 expressam,

356 1887 549 1931 depingere,
567 1887 664 1930 cujus
678 1885 932 1928 pulchritudine
946 1886 1056 1918 allecti
1071 1897 1132 1918 nos
1145 1887 1204 1928 qui
1223 1887 1252 1918 ei
1270 1897 1503 1929 supersumus,
1522 1888 1564 1920 ad
1579 1889 1660 1920 vitae

358 1968 431 2010 elius
449 1965 673 1998 sanctissimae
691 1965 837 2008 vestigia
854 1965 1037 2007 premenda
1058 1965 1289 2004 sollicitemur,
1308 1966 1482 2009 vitamque
1499 1966 1587 1999 hanc
1604 1977 1663 2000 no-

364 2050 471 2078 stram
490 2045 657 2077 consimili
677 2044 774 2076 exitu
791 2042 879 2075 felici
899 2054 937 2075 ac
955 2043 1086 2075 honoro
1109 2044 1316 2076 claudamus.
1366 2043 1414 2077 Et
1434 2046 1591 2087 quamvis
1605 2055 1669 2089 ego
