1905 2746
607 735 813 782 VITAE
850 735 948 781 ET
988 734 1285 781 MORTIS

551 897 618 942 D.
655 895 981 942 ROBERTI
1021 895 1335 942 ROLLOCI

811 1042 1085 1076 NARRATIO.

245 1257 524 1301 ROBERTUS
543 1264 799 1298 ROLLOCUS
820 1264 946 1297 Rector
968 1263 1166 1296 Academiae
1189 1268 1223 1296 et
1244 1262 1368 1296 Pastor
1390 1261 1553 1295 Eeclesiae

244 1343 528 1387 EdinburgensiS‚
547 1342 606 1375 ubi
624 1342 737 1374 aetatis
755 1352 828 1374 suae
845 1351 975 1374 annum
994 1342 1051 1374 43.
1068 1340 1284 1383 explevisset,
1303 1339 1334 1374 6.
1353 1339 1436 1373 Idus
1452 1339 1551 1374 Febr.

242 1433 332 1455 anno
352 1424 454 1457 1598.
478 1432 546 1454 non
570 1422 643 1454 sine
665 1432 799 1453 summo
822 1422 977 1453 omnium
1000 1421 1096 1453 luctu
1118 1430 1318 1463 supremum
1342 1421 1432 1453 diem
1457 1421 1550 1453 obiit.

241 1501 316 1539 Vir,
334 1512 376 1533 ne
399 1502 503 1533 celem
525 1501 616 1543 quod
640 1501 760 1537 sentio,
784 1500 856 1532 vita
877 1499 1188 1536 innocentissimus,
1208 1499 1400 1532 eruditione
1424 1499 1547 1531 floren-

241 1581 404 1617 tissimus,
422 1580 664 1622 propositoque
682 1579 835 1611 omnium
853 1578 1088 1610 sanctissimus
1106 1588 1192 1620 quos
1210 1588 1364 1620 unquam
1382 1578 1463 1610 tulit
1476 1578 1551 1610 haec

238 1661 342 1704 regio.
395 1659 462 1692 Hic
480 1659 564 1691 mihi
583 1659 745 1691 dicendus
763 1669 807 1690 an
826 1658 976 1690 silendus
1001 1661 1100 1695 esset,
1123 1657 1183 1689 diu
1206 1657 1424 1700 multumque
1441 1656 1549 1689 ambi-

237 1740 359 1783 gebam
374 1749 382 1771 :
409 1739 529 1771 silendi
548 1743 707 1781 prompta
726 1738 880 1775 facultas,
898 1737 1031 1770 dicendi
1049 1737 1225 1780 provincia
1243 1737 1398 1769 humeris
1416 1738 1550 1780 impar:

237 1830 314 1851 cum
342 1820 433 1851 enim
460 1829 593 1851 mecum
620 1822 815 1860 reputarem
841 1827 946 1859 quam
975 1817 1135 1859 locupleti
1162 1817 1350 1849 coelestium
1381 1817 1550 1848 donorum

238 1898 446 1940 supellectile
463 1898 592 1930 ditatus
617 1898 672 1929 ille
695 1897 810 1931 fuerit.
829 1901 959 1939 quanta
982 1897 1018 1928 in
1040 1896 1153 1928 Deum
1176 1896 1303 1938 pietate
1326 1895 1497 1932 claruerit,
1516 1895 1551 1926 in

237 1976 422 2008 Ecclesiam
441 1986 555 2008 amore
573 1976 782 2020 flagraverit,
796 1977 831 2007 in
850 1975 1045 2018 Principem
1059 1980 1093 2007 et
1107 1974 1263 2007 Patriam
1275 1974 1399 2007 affectu
1416 1973 1549 2006 ferbue-

236 2056 291 2091 rit,
305 2055 445 2087 verebar
459 2066 501 2087 ne
518 2060 590 2087 tam
602 2056 728 2088 eximia
740 2056 909 2087 virtutum
925 2059 1149 2087 monumenta
1160 2054 1230 2086 stili
1243 2053 1310 2086 mei
1324 2052 1417 2086 nube
1436 2052 1553 2086 obfus-
