1905 2746
302 460 780 508 NARRATIO
823 461 1053 508 VITAE
1097 461 1204 506 ΕΤ
1251 460 1571 506 OBITUS

502 593 816 628 SANCTISSIMI
840 593 1229 632 DOCTISSIMIQUE
1256 592 1361 626 VIRI

372 707 430 751 D.
470 707 820 753 ROBERTI
861 708 1209 761 ROLLOCI,
1247 708 1482 761 SCOTL

469 833 697 868 MINISTRI
726 834 1005 868 EVANGELII
1033 834 1100 867 ET
1128 834 1375 867 RECTORIS

553 944 831 978 ACADEMIAE
856 943 1271 978 EDINBURGENSIS.

270 1112 382 1156 JAM
403 1121 484 1154 olim
503 1121 646 1154 inolevit
663 1131 737 1154 mos
756 1122 913 1154 virorum
934 1121 1124 1154 illustrium
1142 1125 1176 1153 et
1199 1121 1329 1153 virtute
1351 1120 1427 1153 aliis
1445 1121 1584 1163 praecel-

267 1203 415 1235 lentium
434 1202 542 1234 vitam
560 1200 762 1244 obitumque
783 1200 1007 1239 describendi,
1029 1204 1064 1233 et
1081 1201 1125 1232 ad
1147 1200 1359 1243 posteritatis
1380 1201 1582 1233 memoriam

268 1281 501 1314 consecrandi.
555 1280 757 1313 Laudabilis
779 1280 863 1313 sane
880 1280 1103 1319 consuetudo,
1121 1284 1155 1313 et
1176 1290 1245 1324 qua
1263 1280 1323 1312 vix
1340 1280 1408 1312 alia
1425 1279 1584 1313 observa-

268 1361 360 1392 tione
378 1360 524 1403 dignior.
577 1358 667 1403 Ejus
685 1359 778 1391 enim
796 1359 969 1392 maximus
983 1358 1120 1402 pubiice
1133 1369 1217 1392 usus
1231 1359 1275 1391 ad
1287 1359 1444 1391 homines
1458 1359 1501 1391 ad
1517 1359 1585 1391 vir-

269 1445 391 1477 tutem,
410 1440 584 1482 pietatem,
602 1438 777 1481 bonosque
794 1448 906 1471 mores
924 1438 1132 1471 excitandos.
1185 1437 1318 1470 Mirum
1335 1441 1505 1480 quantum
1528 1447 1586 1469 ex-

270 1520 383 1562 empla
398 1519 554 1551 rudiores
572 1517 752 1551 moveant!
796 1516 889 1549 Nam
906 1517 998 1560 quod
1015 1517 1209 1560 praeceptis,
1227 1516 1332 1549 etiam
1350 1526 1392 1548 ex
1409 1517 1484 1559 ipso
1502 1516 1584 1548 vivo

270 1609 446 1631 sacrarum
462 1598 643 1630 literarum
657 1597 752 1630 fonte
765 1597 914 1635 traditis,
927 1600 1001 1629 tota
1014 1597 1088 1629 vita
1101 1596 1229 1628 discere
1246 1606 1317 1628 non
1334 1600 1490 1638 possunt,
1504 1606 1582 1638 pro-

270 1678 393 1711 borum
407 1679 562 1711 virorum
574 1677 730 1720 exemplo
743 1681 778 1709 et
795 1676 988 1709 imitatione
1005 1675 1103 1708 facile
1120 1678 1369 1718 assequuntur:
1387 1675 1584 1718 praesertim

271 1758 299 1789 si
314 1758 387 1789 noti
405 1757 486 1795 sint,
500 1757 530 1789 si
547 1766 667 1789 eorum
683 1755 776 1789 facta
793 1760 827 1788 et
845 1766 956 1788 mores
974 1755 1081 1788 oculis
1099 1754 1337 1793 obversentur,
1352 1754 1381 1786 si
1396 1754 1510 1797 palam
1524 1753 1584 1786 fiat

271 1846 388 1868 eorum
413 1840 486 1868 tota
508 1836 731 1868 conversatio.
783 1835 862 1873 Quo
880 1835 990 1879 magis
1015 1845 1156 1867 moveor
1176 1838 1216 1866 ut
1235 1834 1303 1877 piae
1324 1834 1497 1866 memoriae
1515 1833 1585 1866 Ro-

272 1922 394 1945 BERTI
415 1914 596 1947 ROLLOCI
614 1915 724 1947 vitam
740 1924 920 1957 moresque
937 1913 1054 1957 paucis
1076 1912 1266 1945 describam
1285 1912 1397 1956 (cujus
1415 1922 1485 1944 non
1502 1911 1580 1944 doc-

272 1995 399 2025 trinam
417 1993 566 2031 tantum,
584 1994 643 2026 sed
656 1998 690 2026 et
708 1994 970 2027 sanctimoniam
983 1994 1134 2037 vitaeque
1147 1993 1383 2037 integritatem
1398 1992 1464 2035 ipsi
1478 1993 1583 2025 etiam

271 2074 329 2115 qui
349 2078 531 2115 supersunt
552 2078 583 2105 et
605 2083 672 2105 una
695 2083 773 2106 cum
794 2084 834 2106 eo
852 2073 1013 2106 vixerunt
1037 2073 1193 2105 veritatis
1215 2072 1330 2105 hostes
1352 2071 1499 2105 inficiari
1519 2082 1589 2105 non
