1905 2746
706 293 912 322 ROBERTI
939 293 1151 323 ROLLOCI.
1540 296 1584 327 15

293 411 393 437 vatus
411 404 503 436 domi
529 414 564 436 se
585 405 806 436 concluserat.
857 403 1099 437 GULIELMUS
1125 404 1273 437 SCOTUs
1294 415 1336 437 ex
1354 406 1484 438 intimis
1501 417 1591 439 unus

286 484 434 516 consulit
471 483 508 515 in
550 483 689 515 domum
732 494 830 515 suam
868 484 1041 522 transiret,
1083 486 1197 516 ae'rem
1239 484 1446 516 sereniorem
1479 496 1516 517 ac
1558 486 1598 517 li-

291 561 457 594 beriorem
499 562 664 600 hauriret,
699 567 738 595 ut
780 563 1012 595 valetudinem
1050 567 1267 606 recuperaret
1282 572 1289 594 :
1332 563 1473 595 consilio
1507 563 1601 596 obse-

289 642 425 679 cundat,
460 642 661 684 transitque.
717 642 758 674 In
788 643 905 674 limine
935 642 1101 685 pristinus
1132 643 1231 686 vigor
1265 643 1375 675 redire
1407 643 1598 680 videbatur,

293 730 411 752 verum
446 720 624 753 confestim
659 721 833 764 geminata
863 721 973 753 morbi
1007 722 1059 753 vis
1093 722 1178 754 lecto
1213 732 1291 754 eum
1322 721 1485 754 affixerat.
1538 722 1598 754 Ille

292 810 370 832 cum
384 801 525 842 spiritus
539 800 742 842 linquenteS,
757 811 896 842 seseque
907 800 943 832 in
958 800 1103 832 confinio
1117 801 1238 833 mortis
1253 801 1363 839 discit,
1377 801 1503 834 coelesti
1515 812 1599 845 gau-

291 879 347 910 dio
364 889 432 920 quo
450 889 583 920 semper
600 877 819 916 exuberabat,
837 877 1077 921 mellifluisque
1101 879 1314 911 sermonibus
1333 891 1450 912 omnes
1468 881 1527 922 qui
1546 881 1597 912 in-

292 957 443 988 viserant
469 955 641 999 perfudit:
668 966 788 989 verum
815 957 973 989 laetitiam
997 957 1262 1000 interpellabant
1285 958 1416 991 obortae
1438 958 1597 990 omnibus

290 1035 489 1078 lachrymae,
508 1040 645 1068 tantum
663 1036 777 1068 virum
796 1036 948 1068 nondum
966 1040 1104 1068 matura
1124 1040 1226 1068 aetate
1243 1037 1524 1080 praeripiendum,
1542 1038 1600 1069 ad-

290 1115 468 1147 imendum
482 1114 646 1147 Ecclesiae
660 1120 848 1158 parentem,
862 1115 1074 1157 Reipublicae
1086 1116 1235 1148 salutare
1245 1117 1411 1154 cohunen,
1425 1117 1597 1149 neminem

291 1205 466 1236 superesse
490 1195 550 1237 qui
572 1194 691 1227 turbas
718 1196 754 1227 in
781 1194 934 1227 Ecclesia
959 1199 1151 1237 componat,
1169 1195 1298 1228 offenso
1324 1196 1471 1239 principi
1496 1197 1597 1234 cives,

293 1272 493 1312 Ecclesiam,
512 1273 672 1306 insinuet.
725 1273 787 1306 Ille
804 1274 989 1317 prudentia
1013 1275 1112 1306 solita
1137 1275 1324 1307 domestica
1346 1276 1472 1319 digerit
1495 1287 1598 1309 uxor-

290 1363 411 1396 emque
428 1358 505 1396 post
529 1353 683 1386 decennii
706 1354 799 1386 ultra
821 1354 1037 1386 sterilitatem
1063 1358 1201 1386 uterum
1222 1353 1388 1387 ferentem
1410 1355 1596 1389 amicorum

289 1443 381 1465 cmae
399 1432 488 1465 serio
506 1433 730 1466 commendat.
767 1432 934 1477 Ingressis
952 1433 996 1465 ad
1016 1444 1094 1465 eum
1113 1433 1308 1466 PATRICIO
1327 1434 1595 1473 GALLOVIDIO,

289 1512 450 1544 DAVIDE
470 1512 682 1544 LYNDESIO
700 1523 852 1545 amorem
870 1513 905 1545 in
930 1512 1126 1554 Principem
1144 1513 1203 1555 qui
1228 1523 1362 1556 semper
1380 1514 1454 1557 ejus
1479 1515 1595 1548 animo

288 1592 486 1624 medullitus
500 1592 689 1629 insedisset,
708 1596 873 1624 testatum
890 1591 980 1629 fecit,
998 1592 1034 1623 in
1048 1602 1154 1634 eoque
1168 1591 1405 1625 occubiturum
1419 1604 1454 1626 se
1468 1594 1596 1636 profes-

288 1681 356 1709 sus,
368 1670 502 1715 flagitat
519 1671 657 1704 interim
667 1671 775 1713 ipsius
789 1671 927 1703 nomine
940 1670 1074 1715 Regem
1088 1671 1223 1709 adeant,
1234 1670 1483 1716 hortenturque
1495 1675 1595 1707 vellet

291 1750 481 1795 Religionis
500 1750 660 1788 orbitam,
678 1761 782 1793 quam
806 1750 972 1783 inoffenso
996 1761 1098 1783 cursu
1116 1750 1293 1794 hucusque
1310 1753 1499 1794 pressisset,
1517 1765 1595 1798 gra-

289 1831 336 1863 du
353 1841 422 1862 non
440 1830 621 1863 vacillante
639 1830 682 1862 ad
700 1830 863 1862 ultimum
881 1830 964 1862 vitae
985 1830 1147 1873 spiritum
1164 1831 1302 1869 calcare,
1321 1842 1430 1875 neque
1448 1844 1506 1875 spe
1524 1844 1595 1866 am-

288 1909 460 1953 plificandi
478 1910 586 1953 regni,
604 1913 664 1942 aut
682 1908 892 1941 nefariorum
910 1909 1023 1942 tacitis
1041 1909 1172 1942 technis
1186 1909 1229 1942 ab
1242 1921 1282 1942 ea
1294 1911 1420 1943 divelli.
1463 1911 1515 1944 De
1528 1912 1595 1946 Ec-

289 1989 399 2022 clesiae
426 1987 637 2025 Pastoribus,
671 1999 739 2031 qua
764 1999 827 2031 par
860 1993 948 2021 esset
981 1990 1183 2028 reverentia,
1209 1990 1360 2028 sentiret,
1387 1991 1594 2033 loqueretur.

291 2067 382 2100 Illud
401 2066 540 2110 (inquit)
561 2066 690 2099 Christi
712 2068 942 2101 ministerium
963 2068 1186 2111 quantumvis
1210 2068 1339 2101 humile
1363 2080 1401 2102 ac
1424 2070 1594 2115 abjectum
