1905 2746
740 325 945 357 ROBERTI
971 321 1181 353 ROLLOCI.
1579 316 1624 346 35

314 460 383 484 non
401 451 514 492 posset
531 445 626 478 labor
643 441 820 485 improbus
833 439 849 471 Ρ
869 438 1002 471 Exacto
1020 433 1181 468 curriculi
1198 429 1424 475 philosophici
1442 426 1622 470 quadrien-

316 531 384 566 nio,
418 530 495 570 post
531 527 725 557 accuratam
764 519 979 563 singulorum
1018 512 1318 547 examinationem,
1356 508 1483 543 laurea,
1522 513 1625 546 quam

316 606 551 651 magistralem
578 606 712 639 vocant,
739 610 795 633 eos
821 597 974 635 donavit,
1000 594 1059 627 sed
1086 593 1182 636 prius
1214 598 1349 623 summa
1374 585 1545 631 gravitate
1571 582 1628 613 ad-

317 687 466 720 monitos
493 683 593 717 officii
619 681 682 715 sui.
736 678 876 712 Monuit
902 687 958 709 eos
985 677 1116 718 quanta
1145 669 1324 715 diligentia
1354 670 1388 699 et
1414 662 1629 698 solicitudine

322 777 439 799 eormn
458 765 548 798 bono
567 759 793 806 invigilasset,
810 757 913 801 quam
938 755 1026 788 serio
1050 761 1184 795 semper
1207 758 1326 782 eorum
1349 746 1481 779 animos
1500 752 1631 786 praepa-

320 846 430 880 rasset
447 845 490 877 ad
507 844 650 876 alteram
664 841 758 872 illam
776 838 886 870 vitam
903 846 941 868 ac
956 832 1197 868 immortalem,
1211 829 1254 861 ad
1268 836 1375 871 quam
1388 825 1546 858 hortatus
1561 824 1633 853 erat

321 931 360 958 ut
386 925 468 957 vitae
498 922 602 965 hujus
636 917 817 962 praesentis
847 926 885 947 ac
912 913 1077 957 periturae
1107 919 1225 943 omnes
1254 905 1492 950 cogitationes,
1518 900 1633 933 omnia

322 1004 436 1037 studia
453 1002 557 1034 etiam
574 998 790 1034 humaniora,
805 1004 922 1028 omnes
941 993 1090 1024 actiones
1108 989 1297 1032 dirigerent
1312 995 1320 1016 τ
1346 983 1451 1027 quam
1472 979 1563 1014 serio
1581 980 1637 1012 de-

323 1084 411 1117 derit
429 1090 568 1124 operam
585 1083 625 1111 ut
645 1077 719 1121 ejus
737 1075 820 1107 vitae
838 1082 940 1105 sensu
962 1070 1076 1112 aliquo
1099 1067 1211 1111 magis
1233 1065 1412 1108 magisque
1436 1061 1546 1094 indies
1567 1058 1637 1091 affi-

325 1166 493 1199 cerentur,
511 1164 551 1192 ut
569 1169 607 1191 eo
632 1155 730 1200 quasi
755 1157 862 1198 gustu
879 1151 1008 1184 futurae
1033 1147 1167 1181 laetitiae
1189 1156 1227 1178 ac
1245 1144 1364 1189 gloriae
1383 1141 1493 1174 allecti
1511 1139 1640 1171 deside-

326 1247 443 1276 rarent
456 1241 550 1274 illam
560 1236 809 1282 plenitudinem
817 1231 1034 1277 gaudiorum,
1042 1232 1076 1261 et
1087 1226 1299 1269 suspirantes
1306 1224 1525 1265 expectarent
1536 1219 1639 1260 adop-

327 1324 455 1356 tionem
482 1324 516 1352 et
541 1315 811 1359 redemptionem
837 1310 988 1354 corporis
1014 1308 1078 1341 sui.
1129 1302 1402 1339 Commendabat
1429 1299 1568 1343 quidem
1596 1298 1638 1330 iis

327 1407 428 1439 artes,
440 1398 608 1435 scientias,
621 1393 879 1428 exercitationes
893 1397 1115 1433 quascunque
1126 1396 1204 1428 quae
1216 1387 1298 1416 sunt
1311 1382 1415 1414 etiam
1430 1380 1535 1423 hujtls
1546 1378 1640 1415 vitae,

328 1479 591 1525 postulabatque
613 1480 653 1508 ut
675 1469 934 1518 quamprimiun
955 1467 1218 1512 ingrederentur
1241 1467 1372 1495 certum
1400 1458 1540 1502 aliquod
1556 1458 1640 1490 vitae

329 1570 438 1606 genus
452 1559 635 1591 honestum
649 1565 687 1587 ac
699 1551 880 1589 laudabile,
895 1549 931 1581 in
945 1558 1014 1591 quo
1027 1547 1082 1578 vel
1099 1544 1274 1581 Ecclesiae,
1288 1542 1342 1573 vel
1360 1537 1557 1582 reipublicae
1571 1537 1640 1568 usi-

330 1641 394 1674 bus
408 1637 631 1673 inservirent3
650 1633 709 1666 sed
721 1633 771 1665 ita
783 1639 918 1673 semper
930 1632 971 1660 ut
983 1624 1204 1659 meminerint
1215 1619 1459 1655 admonitionis
1474 1617 1642 1654 Paulinae,

333 1724 372 1752 ut
389 1718 471 1762 quia
488 1721 624 1758 tempus
642 1714 857 1746 contractum
874 1712 925 1741 est
942 1703 1170 1749 imposterum
1187 1705 1368 1735 uterentur
1382 1699 1445 1731 hoc
1459 1696 1589 1730 mundo
1603 1700 1641 1727 ut

331 1810 401 1832 nou
418 1798 608 1833 abutentes,
626 1803 695 1836 qua
711 1790 867 1835 permisit
890 1787 1029 1831 quidem
1054 1784 1183 1817 Paulus
1204 1779 1480 1824 procurationem
1498 1777 1644 1808 istorum

333 1877 489 1911 omnium
506 1885 584 1918 quae
603 1873 647 1906 ad
663 1873 869 1915 praesentem
883 1867 991 1900 vitam
1005 1864 1190 1908 pertinent,
1204 1860 1263 1893 sed
1273 1860 1322 1892 ita
1335 1862 1452 1890 tamen
1465 1860 1505 1888 ut
1516 1853 1644 1887 interea

336 1958 419 1989 dum
436 1955 490 1988 his
508 1956 749 1986 exercerentur
766 1952 930 1988 πολίτευμα
942 1955 1043 1979 suum
1056 1942 1223 1976 haberent
1242 1940 1277 1972 in
1292 1938 1395 1975 coelis,
1409 1937 1473 1968 hoc
1487 1939 1548 1972 est,
1562 1933 1645 1966 dum

339 2045 483 2078 corpora
506 2038 686 2065 versantur
712 2030 801 2062 circa
825 2038 875 2065 ea,
901 2024 1008 2059 animi
1033 2021 1164 2055 interea
1186 2020 1222 2052 in
1246 2018 1338 2051 coelis
1364 2016 1444 2053 sint,
1470 2015 1644 2047 intuentes

338 2116 462 2153 Deum,
486 2114 559 2157 ejus
581 2112 795 2144 voluntatem
819 2111 853 2140 et
878 2105 1034 2150 gloriam,
1060 2106 1094 2135 et
1120 2102 1336 2143 expectantes
1360 2096 1439 2130 inde
1464 2098 1649 2127 venturum
