1905 2746
340 323 385 357 56
795 329 909 359 VITA
931 327 993 357 ET
1017 328 1179 359 OBITUS

342 442 427 473 siliis
441 441 540 481 fidus,
558 443 594 474 in
613 443 782 486 colloquio
800 444 945 478 affabilis
964 450 998 478 et
1015 447 1130 478 comis.
1184 445 1225 478 In
1243 445 1345 478 rebus
1363 446 1459 478 seriis
1477 446 1594 490 gravis
1612 457 1650 478 ac

344 522 493 564 prudens
517 520 622 565 <quod
649 523 685 555 in
712 523 856 566 publicis
881 524 1042 558 Ecclesiae
1068 526 1215 570 negotiis
1242 526 1466 568 procurandis
1493 525 1651 558 omnibus

342 600 421 633 fecit
439 601 674 643 manifestum)
695 603 730 635 in
749 603 889 635 consilio
907 604 982 636 aliis
1001 604 1229 646 impertiendo
1247 605 1535 647 promptissimus.
1577 604 1651 636 Has

345 691 425 712 vero
451 681 593 713 eximias
618 681 764 713 virtutes
790 682 934 714 ornabat
959 682 1170 714 admirabilis
1197 682 1386 721 humilitas,
1408 694 1477 726 qua
1494 683 1652 726 quamvis

346 761 504 802 plurimis
519 760 815 802 praestantissimis
829 761 966 793 dotibus
984 762 1069 794 alios
1087 761 1159 793 fere
1177 772 1294 793 omnes
1308 761 1465 799 anteiret,
1482 766 1597 794 tamen
1612 773 1654 794 ne

346 840 501 872 infimum
520 840 658 882 quidem
683 839 862 873 fastidiose
883 841 1049 884 despexit,
1072 841 1155 884 quin
1178 841 1293 883 potius
1311 851 1382 873 sese
1400 840 1559 873 omnibus
1577 841 1655 874 sub-

347 919 450 951 misit.
484 918 541 951 Ad
556 919 788 952 humilitatem
807 921 947 952 accessit
965 920 1173 952 incredibilis
1187 920 1353 952 modestia
1372 925 1405 952 et
1422 921 1528 952 animi
1542 921 1656 952 mode-

346 999 444 1036 ratio,
462 1003 501 1030 ut
514 999 673 1040 quamvis
687 999 877 1030 multorum
892 999 1051 1031 convitiis
1069 1010 1107 1031 ac
1125 1000 1305 1031 calumniis
1320 999 1456 1041 publice
1473 1000 1546 1042 ipso
1561 1000 1656 1031 audi-

349 1083 426 1110 ente
444 1078 616 1110 immerito
634 1076 868 1120 impeteretur,
892 1088 1070 1120 nunquam
1093 1078 1231 1110 auditus
1253 1078 1298 1110 sit
1321 1078 1472 1110 convitia
1492 1088 1657 1121 regerere,

347 1163 407 1190 aut
425 1158 688 1189 calumniatores
702 1158 927 1195 recriminari,
941 1162 1002 1190 aut
1017 1168 1133 1190 vocem
1148 1158 1299 1201 aliquam
1314 1162 1433 1190 contra
1450 1158 1657 1190 detractores

347 1238 513 1275 emittere,
531 1237 589 1269 sed
608 1236 707 1268 bonae
725 1237 942 1270 conscientiae
960 1238 1157 1270 testimonio
1174 1236 1284 1269 fretus
1302 1238 1446 1269 tacitum
1465 1248 1536 1270 sese
1551 1238 1657 1270 conti-

349 1319 434 1350 nuit.
486 1317 597 1349 Semel
615 1321 751 1350 tantum
770 1328 832 1360 pro
850 1318 1009 1350 concione
1027 1318 1185 1361 apologia
1202 1328 1284 1350 usus
1302 1322 1364 1355 est,
1383 1322 1481 1350 tanta
1504 1319 1657 1350 modera-

350 1399 453 1435 tione,
472 1402 510 1429 ut
527 1398 699 1429 neminem
719 1397 903 1436 vellicaret,
921 1397 1050 1429 nullius
1068 1396 1172 1429 famae
1190 1397 1395 1435 detraheret,
1419 1398 1590 1430 neminem
1608 1399 1659 1430 in-

349 1478 537 1514 simularet,
556 1477 685 1509 nemini
703 1476 831 1509 crimen
850 1477 1066 1520 impingeret,
1081 1477 1139 1509 sed
1158 1477 1387 1509 sinceritatem
1407 1481 1542 1510 tantum
1561 1489 1659 1510 suam

350 1568 464 1589 coram
485 1557 559 1589 Deo
579 1561 613 1589 et
630 1557 738 1599 ipsius
757 1555 910 1588 Ecclesia
928 1560 1074 1588 testatus
1092 1557 1147 1588 sit.
1200 1554 1323 1589 Studia
1341 1567 1403 1589 sua
1420 1568 1497 1589 cum
1515 1556 1661 1589 familia-

353 1637 447 1669 ribus
481 1635 755 1668 communicabat
783 1646 928 1678 eamque
956 1635 1107 1667 discendi
1135 1635 1224 1667 viam
1261 1636 1354 1678 saepe
1384 1637 1503 1668 utilem
1533 1636 1595 1668 sibi
1623 1647 1660 1667 ac

356 1716 568 1748 fructuosam
584 1719 729 1748 testatus
747 1720 808 1747 est.
835 1715 901 1747 Sed
919 1725 1011 1747 cesso
1029 1714 1070 1747 de
1088 1726 1126 1747 eo
1144 1716 1254 1757 plura,
1269 1726 1348 1757 quae
1368 1716 1451 1748 satis
1468 1717 1579 1748 multa
1596 1716 1661 1748 dici

355 1800 524 1838 poterant,
539 1800 572 1827 et
589 1794 734 1827 fortasse
749 1794 938 1826 debuerant
954 1806 961 1825 z
981 1794 1038 1826 sed
1057 1793 1216 1826 omnibus
1235 1795 1270 1826 in
1288 1795 1471 1837 propatulo
1489 1799 1571 1827 sunt
1589 1795 1661 1838 ejus

356 1876 512 1912 virtutes,
527 1880 558 1906 et
574 1879 644 1906 tam
659 1874 814 1906 modesto
833 1874 935 1917 genio
952 1873 1104 1906 sobrium
1126 1874 1236 1906 laudis
1254 1874 1355 1906 decus
1373 1874 1545 1917 competit.
1573 1874 1662 1919 Ejus

356 1955 511 1986 decessus
518 1953 611 1985 fama
621 1957 768 1996 quantas
780 1953 961 1996 lacrymas,
973 1964 1052 1996 quae
1062 1953 1220 1995 suspiria,
1227 1964 1312 1996 quos
1325 1953 1509 1997 singultus,
1521 1964 1581 1996 per
1587 1955 1663 1987 uni-

359 2044 490 2065 versam
511 2032 630 2065 urbem
650 2043 688 2064 ac
705 2033 879 2076 regionem
905 2032 1084 2065 concitarit
1108 2033 1218 2064 relatu
1236 2032 1308 2065 fere
1331 2032 1537 2065 incredibile.
1562 2031 1664 2065 Sena-

359 2119 423 2145 tus.
443 2112 640 2149 Academia,
660 2112 791 2149 civitas,
810 2111 935 2153 plebes.
960 2112 1086 2156 singuli
1112 2116 1275 2155 tanquam
1301 2113 1336 2144 in
1360 2112 1544 2144 domestico
1570 2113 1665 2145 luctu
