<?xml version="1.0" encoding="UTF-8"?>
<!DOCTYPE html PUBLIC "-//W3C//DTD XHTML 1.0 Transitional//EN"
    "http://www.w3.org/TR/xhtml1/DTD/xhtml1-transitional.dtd">
<html xmlns="http://www.w3.org/1999/xhtml" xml:lang="en" lang="en">
 <head>
  <title>
</title>
<meta http-equiv="Content-Type" content="text/html;charset=utf-8" />
  <meta name='ocr-system' content='tesseract 3.04.00' />
  <meta name='ocr-capabilities' content='ocr_page ocr_carea ocr_par ocr_line ocrx_word'/>
</head>
<body>
  <div class='ocr_page' id='page_1' title='image "./devitaetmorterob00bann_0085.png"; bbox 0 0 1905 2746; ppageno 0'>
   <div class='ocr_carea' id='block_1_1' title="bbox 701 342 1185 378">
    <p class='ocr_par' dir='ltr' id='par_1_1' title="bbox 701 342 1185 378">
     <span class='ocr_line' id='line_1_1' title="bbox 701 342 1185 378; baseline 0.01 -6"><span class='ocrx_word' id='word_1_1' title='bbox 701 343 739 372; x_wconf 85' lang='lat' dir='ltr'>D.</span> <span class='ocrx_word' id='word_1_2' title='bbox 757 342 959 376; x_wconf 88' lang='lat' dir='ltr'>ROBERTI</span> <span class='ocrx_word' id='word_1_3' title='bbox 975 345 1185 378; x_wconf 74' lang='lat' dir='ltr'>ROLLOCI.</span> 
     </span>
    </p>
   </div>
   <div class='ocr_carea' id='block_1_2' title="bbox 359 493 1308 1398">
    <p class='ocr_par' dir='ltr' id='par_1_2' title="bbox 359 493 1308 1398">
     <span class='ocr_line' id='line_1_2' title="bbox 372 493 1103 532; baseline 0.014 -13"><span class='ocrx_word' id='word_1_4' title='bbox 372 493 479 521; x_wconf 46' lang='lat' dir='ltr'>&gt;Sues</span> <span class='ocrx_word' id='word_1_5' title='bbox 497 493 599 532; x_wconf 80' lang='lat' dir='ltr'>priora</span> <span class='ocrx_word' id='word_1_6' title='bbox 617 503 678 524; x_wconf 87' lang='lat' dir='ltr'>una</span> <span class='ocrx_word' id='word_1_7' title='bbox 694 494 841 526; x_wconf 80' lang='lat' dir='ltr'>viderunt</span> <span class='ocrx_word' id='word_1_8' title='bbox 856 496 925 527; x_wconf 87' lang='lat' dir='ltr'>luce</span> <span class='ocrx_word' id='word_1_9' title='bbox 941 498 1103 529; x_wconf 81' lang='lat' dir='ltr'><strong>cadentem</strong></span> 
     </span>
     <span class='ocr_line' id='line_1_3' title="bbox 414 549 1102 588; baseline 0.013 -10"><span class='ocrx_word' id='word_1_10' title='bbox 414 549 517 579; x_wconf 67' lang='lat' dir='ltr'>Solem</span> <span class='ocrx_word' id='word_1_11' title='bbox 535 561 643 588; x_wconf 82' lang='lat' dir='ltr'>unum,</span> <span class='ocrx_word' id='word_1_12' title='bbox 661 551 750 583; x_wconf 83' lang='lat' dir='ltr'>binos</span> <span class='ocrx_word' id='word_1_13' title='bbox 766 553 832 584; x_wconf 83' lang='lat' dir='ltr'>haec</span> <span class='ocrx_word' id='word_1_14' title='bbox 848 554 933 585; x_wconf 72' lang='lat' dir='ltr'><strong>w&#39;det</strong></span> <span class='ocrx_word' id='word_1_15' title='bbox 950 567 1012 586; x_wconf 84' lang='lat' dir='ltr'>una</span> <span class='ocrx_word' id='word_1_16' title='bbox 1027 556 1102 587; x_wconf 80' lang='lat' dir='ltr'><strong>dies.</strong></span> 
     </span>
     <span class='ocr_line' id='line_1_4' title="bbox 1081 615 1291 647; baseline 0 -2"><span class='ocrx_word' id='word_1_17' title='bbox 1081 615 1136 646; x_wconf 89' lang='lat' dir='ltr'>Jo.</span> <span class='ocrx_word' id='word_1_18' title='bbox 1154 617 1291 647; x_wconf 48' lang='lat' dir='ltr'>&amp;coms</span> 
     </span>
     <span class='ocr_line' id='line_1_5' title="bbox 366 719 1256 770; baseline 0.011 -22"><span class='ocrx_word' id='word_1_19' title='bbox 366 719 491 749; x_wconf 64' lang='lat' dir='ltr'><strong>Tmsrss</strong></span> <span class='ocrx_word' id='word_1_20' title='bbox 507 721 609 752; x_wconf 78' lang='lat' dir='ltr'><strong>solum</strong></span> <span class='ocrx_word' id='word_1_21' title='bbox 624 723 708 753; x_wconf 84' lang='lat' dir='ltr'><strong>haud</strong></span> <span class='ocrx_word' id='word_1_22' title='bbox 723 723 821 754; x_wconf 80' lang='lat' dir='ltr'>miror</span> <span class='ocrx_word' id='word_1_23' title='bbox 835 725 862 755; x_wconf 86' lang='lat' dir='ltr'>si</span> <span class='ocrx_word' id='word_1_24' title='bbox 878 730 924 762; x_wconf 89' lang='lat' dir='ltr'>tu,</span> <span class='ocrx_word' id='word_1_25' title='bbox 941 725 1081 764; x_wconf 86' lang='lat' dir='ltr'>Rolloce,</span> <span class='ocrx_word' id='word_1_26' title='bbox 1098 728 1256 770; x_wconf 59' lang='lat' dir='ltr'>relinquas</span> 
     </span>
     <span class='ocr_line' id='line_1_6' title="bbox 409 778 1004 823; baseline 0.013 -16"><span class='ocrx_word' id='word_1_27' title='bbox 409 778 449 807; x_wconf 84' lang='lat' dir='ltr'>Et</span> <span class='ocrx_word' id='word_1_28' title='bbox 466 778 626 810; x_wconf 78' lang='lat' dir='ltr'><strong>fortunato</strong></span> <span class='ocrx_word' id='word_1_29' title='bbox 642 786 704 812; x_wconf 85' lang='lat' dir='ltr'>stes</span> <span class='ocrx_word' id='word_1_30' title='bbox 719 793 812 823; x_wconf 84' lang='lat' dir='ltr'>super</span> <span class='ocrx_word' id='word_1_31' title='bbox 827 789 911 814; x_wconf 86' lang='lat' dir='ltr'>astra</span> <span class='ocrx_word' id='word_1_32' title='bbox 926 784 1004 815; x_wconf 88' lang='lat' dir='ltr'><strong>loco.</strong></span> 
     </span>
     <span class='ocr_line' id='line_1_7' title="bbox 367 836 1127 885; baseline 0.014 -21"><span class='ocrx_word' id='word_1_33' title='bbox 367 836 493 866; x_wconf 60' lang='lat' dir='ltr'>Scilicet</span> <span class='ocrx_word' id='word_1_34' title='bbox 508 837 682 869; x_wconf 86' lang='lat' dir='ltr'>humanum</span> <span class='ocrx_word' id='word_1_35' title='bbox 697 851 796 880; x_wconf 83' lang='lat' dir='ltr'>genus</span> <span class='ocrx_word' id='word_1_36' title='bbox 812 841 874 872; x_wconf 83' lang='lat' dir='ltr'>illis</span> <span class='ocrx_word' id='word_1_37' title='bbox 890 842 995 873; x_wconf 85' lang='lat' dir='ltr'>vivere</span> <span class='ocrx_word' id='word_1_38' title='bbox 1011 855 1066 885; x_wconf 82' lang='lat' dir='ltr'>par</span> <span class='ocrx_word' id='word_1_39' title='bbox 1081 852 1127 875; x_wconf 80' lang='lat' dir='ltr'>est</span> 
     </span>
     <span class='ocr_line' id='line_1_8' title="bbox 407 894 1124 938; baseline 0.013 -14"><span class='ocrx_word' id='word_1_40' title='bbox 407 894 558 931; x_wconf 79' lang='lat' dir='ltr'>Sedibus3</span> <span class='ocrx_word' id='word_1_41' title='bbox 575 896 623 926; x_wconf 84' lang='lat' dir='ltr'>his</span> <span class='ocrx_word' id='word_1_42' title='bbox 639 908 769 938; x_wconf 83' lang='lat' dir='ltr'>magnos</span> <span class='ocrx_word' id='word_1_43' title='bbox 785 900 932 931; x_wconf 77' lang='lat' dir='ltr'>convenit</span> <span class='ocrx_word' id='word_1_44' title='bbox 947 912 1013 932; x_wconf 86' lang='lat' dir='ltr'>esse</span> <span class='ocrx_word' id='word_1_45' title='bbox 1028 902 1124 933; x_wconf 82' lang='lat' dir='ltr'>Deos.</span> 
     </span>
     <span class='ocr_line' id='line_1_9' title="bbox 362 952 1308 1003; baseline 0.012 -22"><span class='ocrx_word' id='word_1_46' title='bbox 362 952 483 983; x_wconf 81' lang='lat' dir='ltr'>Moesta</span> <span class='ocrx_word' id='word_1_47' title='bbox 498 959 602 985; x_wconf 84' lang='lat' dir='ltr'>tamen</span> <span class='ocrx_word' id='word_1_48' title='bbox 617 955 718 996; x_wconf 82' lang='lat' dir='ltr'><strong>patria</strong></span> <span class='ocrx_word' id='word_1_49' title='bbox 733 962 790 994; x_wconf 85' lang='lat' dir='ltr'>est,</span> <span class='ocrx_word' id='word_1_50' title='bbox 806 962 837 988; x_wconf 83' lang='lat' dir='ltr'>et</span> <span class='ocrx_word' id='word_1_51' title='bbox 853 963 883 989; x_wconf 87' lang='lat' dir='ltr'>te</span> <span class='ocrx_word' id='word_1_52' title='bbox 899 958 958 989; x_wconf 86' lang='lat' dir='ltr'>sibi</span> <span class='ocrx_word' id='word_1_53' title='bbox 973 959 1094 1001; x_wconf 82' lang='lat' dir='ltr'><strong>plangit,</strong></span> <span class='ocrx_word' id='word_1_54' title='bbox 1108 962 1289 1003; x_wconf 80' lang='lat' dir='ltr'>ademptum</span> <span class='ocrx_word' id='word_1_55' title='bbox 1303 989 1308 992; x_wconf 90' lang='lat'>.</span> 
     </span>
     <span class='ocr_line' id='line_1_10' title="bbox 405 1010 1050 1055; baseline 0.014 -15"><span class='ocrx_word' id='word_1_56' title='bbox 405 1010 447 1040; x_wconf 81' lang='lat' dir='ltr'>Et</span> <span class='ocrx_word' id='word_1_57' title='bbox 462 1011 605 1054; x_wconf 85' lang='lat' dir='ltr'>princeps</span> <span class='ocrx_word' id='word_1_58' title='bbox 621 1013 712 1055; x_wconf 83' lang='lat' dir='ltr'><strong>cujus</strong></span> <span class='ocrx_word' id='word_1_59' title='bbox 727 1015 784 1046; x_wconf 86' lang='lat' dir='ltr'>sub</span> <span class='ocrx_word' id='word_1_60' title='bbox 801 1015 918 1047; x_wconf 84' lang='lat' dir='ltr'>ditione</span> <span class='ocrx_word' id='word_1_61' title='bbox 933 1024 1050 1049; x_wconf 85' lang='lat' dir='ltr'>manet.</span> 
     </span>
     <span class='ocr_line' id='line_1_11' title="bbox 361 1069 1138 1113; baseline 0.013 -15"><span class='ocrx_word' id='word_1_62' title='bbox 361 1069 482 1099; x_wconf 78' lang='lat' dir='ltr'>Moesta</span> <span class='ocrx_word' id='word_1_63' title='bbox 496 1071 593 1110; x_wconf 83' lang='lat' dir='ltr'>gemit</span> <span class='ocrx_word' id='word_1_64' title='bbox 608 1072 747 1113; x_wconf 84' lang='lat' dir='ltr'>conjunx</span> <span class='ocrx_word' id='word_1_65' title='bbox 762 1078 851 1105; x_wconf 85' lang='lat' dir='ltr'><strong>tanto</strong></span> <span class='ocrx_word' id='word_1_66' title='bbox 866 1075 994 1107; x_wconf 85' lang='lat' dir='ltr'><strong>viduata</strong></span> <span class='ocrx_word' id='word_1_67' title='bbox 1008 1077 1138 1108; x_wconf 84' lang='lat' dir='ltr'>marito:</span> 
     </span>
     <span class='ocr_line' id='line_1_12' title="bbox 405 1127 1105 1174; baseline 0.013 -17"><span class='ocrx_word' id='word_1_68' title='bbox 405 1127 445 1157; x_wconf 75' lang='lat' dir='ltr'>Et</span> <span class='ocrx_word' id='word_1_69' title='bbox 462 1129 594 1169; x_wconf 80' lang='lat' dir='ltr'>populus</span> <span class='ocrx_word' id='word_1_70' title='bbox 610 1136 765 1162; x_wconf 82' lang='lat' dir='ltr'>moestum</span> <span class='ocrx_word' id='word_1_71' title='bbox 780 1133 930 1174; x_wconf 80' lang='lat' dir='ltr'><strong>praedicat</strong></span> <span class='ocrx_word' id='word_1_72' title='bbox 944 1145 997 1165; x_wconf 80' lang='lat' dir='ltr'>ore</span> <span class='ocrx_word' id='word_1_73' title='bbox 1012 1135 1105 1166; x_wconf 85' lang='lat' dir='ltr'><strong>diem.</strong></span> 
     </span>
     <span class='ocr_line' id='line_1_13' title="bbox 361 1186 1134 1234; baseline 0.014 -20"><span class='ocrx_word' id='word_1_74' title='bbox 361 1186 475 1226; x_wconf 80' lang='lat' dir='ltr'>Aspice</span> <span class='ocrx_word' id='word_1_75' title='bbox 491 1187 595 1227; x_wconf 59' lang='lat' dir='ltr'>quam,</span> <span class='ocrx_word' id='word_1_76' title='bbox 612 1189 733 1220; x_wconf 85' lang='lat' dir='ltr'>nutrita</span> <span class='ocrx_word' id='word_1_77' title='bbox 747 1195 802 1221; x_wconf 79' lang='lat' dir='ltr'>tuo</span> <span class='ocrx_word' id='word_1_78' title='bbox 818 1191 874 1222; x_wconf 85' lang='lat' dir='ltr'><strong>tibi</strong></span> <span class='ocrx_word' id='word_1_79' title='bbox 889 1192 970 1223; x_wconf 85' lang='lat' dir='ltr'>lacte</span> <span class='ocrx_word' id='word_1_80' title='bbox 980 1192 1134 1234; x_wconf 80' lang='lat' dir='ltr'>juventus</span> 
     </span>
     <span class='ocr_line' id='line_1_14' title="bbox 402 1244 1097 1289; baseline 0.014 -17"><span class='ocrx_word' id='word_1_81' title='bbox 402 1244 522 1275; x_wconf 71' lang='lat' dir='ltr'>Moesta</span> <span class='ocrx_word' id='word_1_82' title='bbox 537 1246 632 1283; x_wconf 79' lang='lat' dir='ltr'>sedet,</span> <span class='ocrx_word' id='word_1_83' title='bbox 650 1247 778 1289; x_wconf 83' lang='lat' dir='ltr'>cupiens</span> <span class='ocrx_word' id='word_1_84' title='bbox 794 1255 824 1280; x_wconf 90' lang='lat' dir='ltr'>te</span> <span class='ocrx_word' id='word_1_85' title='bbox 839 1250 992 1281; x_wconf 87' lang='lat' dir='ltr'>moriente</span> <span class='ocrx_word' id='word_1_86' title='bbox 1007 1252 1097 1282; x_wconf 84' lang='lat' dir='ltr'><strong>mori.</strong></span> 
     </span>
     <span class='ocr_line' id='line_1_15' title="bbox 359 1301 1253 1352; baseline 0.013 -22"><span class='ocrx_word' id='word_1_87' title='bbox 359 1301 399 1330; x_wconf 82' lang='lat' dir='ltr'>Et</span> <span class='ocrx_word' id='word_1_88' title='bbox 415 1303 524 1342; x_wconf 76' lang='lat' dir='ltr'><strong>patria,</strong></span> <span class='ocrx_word' id='word_1_89' title='bbox 541 1309 571 1334; x_wconf 87' lang='lat' dir='ltr'>et</span> <span class='ocrx_word' id='word_1_90' title='bbox 587 1304 735 1346; x_wconf 87' lang='lat' dir='ltr'><strong>conjunx,</strong></span> <span class='ocrx_word' id='word_1_91' title='bbox 752 1307 859 1347; x_wconf 79' lang='lat' dir='ltr'>pubeS,</span> <span class='ocrx_word' id='word_1_92' title='bbox 876 1307 1076 1350; x_wconf 81' lang='lat' dir='ltr'>Respublica,</span> <span class='ocrx_word' id='word_1_93' title='bbox 1094 1310 1253 1352; x_wconf 79' lang='lat' dir='ltr'>Princeps.</span> 
     </span>
     <span class='ocr_line' id='line_1_16' title="bbox 402 1360 1091 1398; baseline 0.015 -9"><span class='ocrx_word' id='word_1_94' title='bbox 402 1360 515 1391; x_wconf 78' lang='lat' dir='ltr'>Omnia</span> <span class='ocrx_word' id='word_1_95' title='bbox 531 1361 563 1392; x_wconf 84' lang='lat' dir='ltr'>in</span> <span class='ocrx_word' id='word_1_96' title='bbox 580 1362 638 1393; x_wconf 86' lang='lat' dir='ltr'>hoc</span> <span class='ocrx_word' id='word_1_97' title='bbox 654 1375 717 1394; x_wconf 87' lang='lat' dir='ltr'>uno</span> <span class='ocrx_word' id='word_1_98' title='bbox 731 1370 807 1395; x_wconf 82' lang='lat' dir='ltr'><strong>suut</strong></span> <span class='ocrx_word' id='word_1_99' title='bbox 822 1366 999 1398; x_wconf 81' lang='lat' dir='ltr'>miseranda</span> <span class='ocrx_word' id='word_1_100' title='bbox 1013 1368 1091 1398; x_wconf 79' lang='lat' dir='ltr'>viro.</span> 
     </span>
    </p>
   </div>
   <div class='ocr_carea' id='block_1_3' title="bbox 346 1481 1435 2156">
    <p class='ocr_par' dir='ltr' id='par_1_3' title="bbox 346 1481 1435 2156">
     <span class='ocr_line' id='line_1_17' title="bbox 860 1481 986 1512; baseline 0.008 -1"><span class='ocrx_word' id='word_1_101' title='bbox 860 1481 924 1511; x_wconf 76' lang='lat' dir='ltr'>Am</span> <span class='ocrx_word' id='word_1_102' title='bbox 933 1491 986 1512; x_wconf 81' lang='lat' dir='ltr'>UD.</span> 
     </span>
     <span class='ocr_line' id='line_1_18' title="bbox 356 1534 1103 1582; baseline 0.012 -19"><span class='ocrx_word' id='word_1_103' title='bbox 356 1536 410 1563; x_wconf 64' lang='lat' dir='ltr'>s1s</span> <span class='ocrx_word' id='word_1_104' title='bbox 427 1534 525 1575; x_wconf 88' lang='lat' dir='ltr'>major</span> <span class='ocrx_word' id='word_1_105' title='bbox 542 1536 615 1572; x_wconf 79' lang='lat' dir='ltr'>vita,</span> <span class='ocrx_word' id='word_1_106' title='bbox 632 1536 772 1574; x_wconf 88' lang='lat' dir='ltr'>Rolloce,</span> <span class='ocrx_word' id='word_1_107' title='bbox 789 1549 831 1568; x_wconf 87' lang='lat' dir='ltr'>an</span> <span class='ocrx_word' id='word_1_108' title='bbox 845 1545 946 1570; x_wconf 86' lang='lat' dir='ltr'>morte</span> <span class='ocrx_word' id='word_1_109' title='bbox 961 1541 1103 1582; x_wconf 83' lang='lat' dir='ltr'><strong>requiro:</strong></span> 
     </span>
     <span class='ocr_line' id='line_1_19' title="bbox 395 1592 1153 1640; baseline 0.009 -18"><span class='ocrx_word' id='word_1_110' title='bbox 395 1592 478 1622; x_wconf 84' lang='lat' dir='ltr'>Cum</span> <span class='ocrx_word' id='word_1_111' title='bbox 493 1599 618 1635; x_wconf 80' lang='lat' dir='ltr'>superet</span> <span class='ocrx_word' id='word_1_112' title='bbox 633 1600 763 1626; x_wconf 83' lang='lat' dir='ltr'><strong>cunctos</strong></span> <span class='ocrx_word' id='word_1_113' title='bbox 778 1596 913 1638; x_wconf 85' lang='lat' dir='ltr'>vitaque,</span> <span class='ocrx_word' id='word_1_114' title='bbox 931 1609 1075 1640; x_wconf 82' lang='lat' dir='ltr'>morsque</span> <span class='ocrx_word' id='word_1_115' title='bbox 1091 1607 1153 1631; x_wconf 83' lang='lat' dir='ltr'>tua.</span> 
     </span>
     <span class='ocr_line' id='line_1_20' title="bbox 353 1651 1090 1691; baseline 0.012 -12"><span class='ocrx_word' id='word_1_116' title='bbox 353 1651 505 1691; x_wconf 70' lang='lat' dir='ltr'>Sprevisti</span> <span class='ocrx_word' id='word_1_117' title='bbox 520 1652 627 1689; x_wconf 89' lang='lat' dir='ltr'><strong>vitam,</strong></span> <span class='ocrx_word' id='word_1_118' title='bbox 644 1653 747 1684; x_wconf 83' lang='lat' dir='ltr'>vicisti</span> <span class='ocrx_word' id='word_1_119' title='bbox 762 1659 896 1686; x_wconf 80' lang='lat' dir='ltr'>mortem</span> <span class='ocrx_word' id='word_1_120' title='bbox 909 1667 915 1686; x_wconf 92' lang='lat'>:</span> <span class='ocrx_word' id='word_1_121' title='bbox 933 1657 992 1687; x_wconf 76' lang='lat' dir='ltr'>erit</span> <span class='ocrx_word' id='word_1_122' title='bbox 1007 1658 1090 1688; x_wconf 85' lang='lat' dir='ltr'>unde</span> 
     </span>
     <span class='ocr_line' id='line_1_21' title="bbox 393 1709 1028 1752; baseline 0.011 -14"><span class='ocrx_word' id='word_1_123' title='bbox 393 1709 493 1739; x_wconf 72' lang='lat' dir='ltr'>Hoste</span> <span class='ocrx_word' id='word_1_124' title='bbox 509 1710 701 1752; x_wconf 86' lang='lat' dir='ltr'><strong>triumphato</strong></span> <span class='ocrx_word' id='word_1_125' title='bbox 717 1712 825 1744; x_wconf 86' lang='lat' dir='ltr'>laurea</span> <span class='ocrx_word' id='word_1_126' title='bbox 839 1719 922 1744; x_wconf 82' lang='lat' dir='ltr'>serta</span> <span class='ocrx_word' id='word_1_127' title='bbox 937 1714 1028 1745; x_wconf 80' lang='lat' dir='ltr'>feras.</span> 
     </span>
     <span class='ocr_line' id='line_1_22' title="bbox 350 1767 1041 1809; baseline 0.012 -13"><span class='ocrx_word' id='word_1_128' title='bbox 350 1767 485 1798; x_wconf 78' lang='lat' dir='ltr'>Coelicus</span> <span class='ocrx_word' id='word_1_129' title='bbox 500 1768 534 1798; x_wconf 88' lang='lat' dir='ltr'>in</span> <span class='ocrx_word' id='word_1_130' title='bbox 549 1769 642 1800; x_wconf 87' lang='lat' dir='ltr'>terris</span> <span class='ocrx_word' id='word_1_131' title='bbox 657 1770 773 1808; x_wconf 82' lang='lat' dir='ltr'><strong>vixisti,</strong></span> <span class='ocrx_word' id='word_1_132' title='bbox 789 1777 932 1803; x_wconf 83' lang='lat' dir='ltr'><strong>mortuus</strong></span> <span class='ocrx_word' id='word_1_133' title='bbox 948 1772 1041 1809; x_wconf 83' lang='lat' dir='ltr'>idem,</span> 
     </span>
     <span class='ocr_line' id='line_1_23' title="bbox 393 1825 996 1870; baseline 0.012 -15"><span class='ocrx_word' id='word_1_134' title='bbox 393 1825 480 1856; x_wconf 82' lang='lat' dir='ltr'>Inter</span> <span class='ocrx_word' id='word_1_135' title='bbox 495 1826 649 1858; x_wconf 83' lang='lat' dir='ltr'>eoelieolas</span> <span class='ocrx_word' id='word_1_136' title='bbox 664 1828 772 1860; x_wconf 82' lang='lat' dir='ltr'>coeliea</span> <span class='ocrx_word' id='word_1_137' title='bbox 787 1840 884 1870; x_wconf 82' lang='lat' dir='ltr'>regna</span> <span class='ocrx_word' id='word_1_138' title='bbox 898 1836 996 1862; x_wconf 83' lang='lat' dir='ltr'>tenes.</span> 
     </span>
     <span class='ocr_line' id='line_1_24' title="bbox 350 1883 1223 1930; baseline 0.008 -18"><span class='ocrx_word' id='word_1_139' title='bbox 350 1883 423 1913; x_wconf 78' lang='lat' dir='ltr'>vita</span> <span class='ocrx_word' id='word_1_140' title='bbox 438 1889 541 1915; x_wconf 87' lang='lat' dir='ltr'>tamen</span> <span class='ocrx_word' id='word_1_141' title='bbox 557 1886 652 1926; x_wconf 57' lang='lat' dir='ltr'>quam</span> <span class='ocrx_word' id='word_1_142' title='bbox 668 1897 751 1917; x_wconf 81' lang='lat' dir='ltr'>mors</span> <span class='ocrx_word' id='word_1_143' title='bbox 767 1888 886 1929; x_wconf 84' lang='lat' dir='ltr'><strong>major:</strong></span> <span class='ocrx_word' id='word_1_144' title='bbox 910 1888 1053 1930; x_wconf 87' lang='lat' dir='ltr'><strong>Namque</strong></span> <span class='ocrx_word' id='word_1_145' title='bbox 1068 1890 1121 1921; x_wconf 82' lang='lat' dir='ltr'>illa</span> <span class='ocrx_word' id='word_1_146' title='bbox 1139 1892 1223 1921; x_wconf 59' lang='lat' dir='ltr'>beare*-</span> 
     </span>
     <span class='ocr_line' id='line_1_25' title="bbox 391 1944 1023 1987; baseline 0.009 -15"><span class='ocrx_word' id='word_1_147' title='bbox 391 1944 472 1973; x_wconf 80' lang='lat' dir='ltr'>Acta</span> <span class='ocrx_word' id='word_1_148' title='bbox 487 1944 573 1974; x_wconf 80' lang='lat' dir='ltr'><strong>dedit</strong></span> <span class='ocrx_word' id='word_1_149' title='bbox 587 1944 707 1986; x_wconf 64' lang='lat' dir='ltr'><strong>placide</strong></span> <span class='ocrx_word' id='word_1_150' title='bbox 723 1945 766 1976; x_wconf 87' lang='lat' dir='ltr'>sic</span> <span class='ocrx_word' id='word_1_151' title='bbox 782 1946 919 1987; x_wconf 84' lang='lat' dir='ltr'>potuisse</span> <span class='ocrx_word' id='word_1_152' title='bbox 934 1948 1023 1978; x_wconf 85' lang='lat' dir='ltr'>mori.</span> 
     </span>
     <span class='ocr_line' id='line_1_26' title="bbox 346 2001 1139 2044; baseline 0.006 -14"><span class='ocrx_word' id='word_1_153' title='bbox 346 2001 456 2040; x_wconf 78' lang='lat' dir='ltr'>Regna</span> <span class='ocrx_word' id='word_1_154' title='bbox 470 2001 528 2032; x_wconf 83' lang='lat' dir='ltr'>sibi</span> <span class='ocrx_word' id='word_1_155' title='bbox 543 2002 647 2043; x_wconf 83' lang='lat' dir='ltr'>Reges</span> <span class='ocrx_word' id='word_1_156' title='bbox 662 2003 806 2042; x_wconf 86' lang='lat' dir='ltr'>habeant,</span> <span class='ocrx_word' id='word_1_157' title='bbox 823 2004 1007 2044; x_wconf 83' lang='lat' dir='ltr'>diademata,</span> <span class='ocrx_word' id='word_1_158' title='bbox 1024 2007 1122 2038; x_wconf 80' lang='lat' dir='ltr'>fasces</span> <span class='ocrx_word' id='word_1_159' title='bbox 1136 2021 1139 2035; x_wconf 66' lang='grc' dir='ltr'><strong><em>ς</em></strong></span> 
     </span>
     <span class='ocr_line' id='line_1_27' title="bbox 391 2059 1023 2100; baseline 0.011 -12"><span class='ocrx_word' id='word_1_160' title='bbox 391 2059 475 2089; x_wconf 79' lang='lat' dir='ltr'>Dum</span> <span class='ocrx_word' id='word_1_161' title='bbox 492 2066 597 2091; x_wconf 79' lang='lat' dir='ltr'>tecum</span> <span class='ocrx_word' id='word_1_162' title='bbox 612 2061 704 2093; x_wconf 86' lang='lat' dir='ltr'>liceat</span> <span class='ocrx_word' id='word_1_163' title='bbox 720 2062 837 2100; x_wconf 77' lang='lat' dir='ltr'>vivere,</span> <span class='ocrx_word' id='word_1_164' title='bbox 854 2063 919 2094; x_wconf 76' lang='lat' dir='ltr'>sive</span> <span class='ocrx_word' id='word_1_165' title='bbox 934 2065 1023 2095; x_wconf 87' lang='lat' dir='ltr'>mori.</span> 
     </span>
     <span class='ocr_line' id='line_1_28' title="bbox 1022 2123 1435 2156; baseline 0.007 -3"><span class='ocrx_word' id='word_1_166' title='bbox 1022 2123 1231 2154; x_wconf 30' lang='lat' dir='ltr'>NATHANAMA</span> <span class='ocrx_word' id='word_1_167' title='bbox 1251 2126 1435 2156; x_wconf 55' lang='lat' dir='ltr'>VnVAnTw.</span> 
     </span>
    </p>
   </div>
  </div>
 </body>
</html>
