1905 2746
714 343 920 374 ROBERTI
946 339 1156 371 ROLLOCI.
1548 334 1591 364 53

275 475 438 503 cenatem.
489 465 578 498 Cum
597 474 659 507 pro
677 464 808 496 excelsa
825 462 995 506 dignitate
1013 471 1082 503 qua
1099 460 1135 491 in
1160 457 1334 500 republica
1357 455 1535 498 praecellis,
1553 459 1586 485 et

278 549 489 593 amplissimo
506 555 647 578 munere
661 555 729 587 quo
747 549 780 576 te
798 542 983 575 honoravit
999 540 1105 578 Deus,
1120 538 1283 571 Ecclesiae
1296 546 1395 579 opem
1409 535 1497 567 ferre
1513 545 1589 577 pos-

279 632 336 668 sis,
354 640 407 667 ne,
424 638 552 671 qnaeSO,
571 637 645 658 eam
664 624 847 658 subtrahe:
866 625 902 656 in
920 623 994 667 ejus
1014 621 1211 665 praesidium
1231 623 1326 651 artus
1345 628 1383 650 ac
1402 618 1588 649 vires'tuas

281 710 429 746 intende,
455 717 591 740 summo
617 710 741 738 conatu
766 705 801 737 in
825 704 859 736 id
885 702 1054 740 incumbe,
1081 706 1120 734 ut
1147 701 1293 733 salutem
1319 696 1537 739 consequaris
1556 696 1592 727 in

284 789 423 822 Christo
441 787 525 819 Jesu
540 796 547 818 :
566 785 742 818 mundana
759 784 833 816 haec
851 782 968 816 onmia
985 782 1079 814 fluxa
1104 784 1196 818 sunt,
1215 788 1364 820 moxque
1387 776 1592 809 flaccessent.

287 870 380 902 Deus
398 873 443 906 te,
461 872 556 900 tuam
575 865 768 909 conjugem,
782 863 980 895 universam
994 861 1163 894 familiam
1176 856 1421 891 benedictionis
1436 866 1508 887 suae
1522 854 1596 887 the-

286 960 388 982 sauro
400 946 580 980 cumulet.”
611 943 745 976 Eadem
757 943 815 975 illa
826 946 924 975 nocte
934 941 995 973 has
1006 951 1104 972 voces
1116 939 1248 971 emisit:
1267 941 1285 954 “
1296 936 1503 978 Tranquilla
1512 934 1597 966 mihi

288 1039 384 1061 mens
402 1028 438 1060 in
455 1035 596 1068 corpore
614 1034 710 1068 aegro
725 1033 732 1054 z
760 1022 892 1060 mortiS,
910 1021 1039 1064 peccati
1057 1024 1091 1052 et
1115 1019 1254 1051 Satanae
1272 1020 1367 1049 metu
1385 1026 1453 1048 non
1480 1025 1599 1058 angor,

291 1109 425 1141 nullum
443 1106 510 1138 illis
528 1105 565 1137 in
582 1114 637 1136 me
655 1103 861 1145 imperium:
887 1102 935 1134 sic
953 1105 1069 1132 tamen
1087 1098 1198 1131 morbi
1222 1097 1372 1140 pondere
1396 1105 1544 1138 premor,
1563 1098 1602 1126 ut

293 1187 395 1231 longe
412 1189 535 1229 praeter
549 1194 643 1226 spem
659 1183 695 1215 in
712 1182 800 1214 hanc
814 1181 935 1214 horam
949 1179 1130 1223 supersim.
1167 1177 1337 1209 Dominus
1352 1175 1450 1218 quasi
1465 1174 1500 1206 in
1515 1184 1606 1206 mor-

294 1267 382 1299 tario
393 1265 522 1308 pistillo
536 1262 754 1306 aegritudinis
766 1271 820 1292 me
832 1260 960 1298 tundit,
975 1263 1014 1292 ut
1026 1259 1068 1291 ad
1080 1268 1226 1301 regnum
1244 1267 1345 1288 suum
1361 1254 1516 1287 formet.”
1542 1253 1607 1285 Oc—

296 1351 376 1378 tavo
392 1342 474 1376 Idus
489 1341 681 1379 Februarii,
700 1343 719 1357 “
732 1339 875 1377 Mirum,
894 1338 1017 1382 inquit,
1036 1336 1145 1370 videri
1160 1339 1283 1379 potest,
1301 1345 1379 1367 cum
1399 1338 1470 1366 tam
1489 1332 1608 1365 acerbe

298 1424 416 1457 morbo
433 1423 628 1459 discrucier‚
646 1421 781 1454 tamdiu
798 1419 954 1463 protrahi
973 1419 1082 1451 vitam
1100 1428 1211 1450 meam
1228 1427 1236 1455 3
1257 1413 1381 1448 verum
1399 1425 1460 1457 per
1477 1414 1610 1456 patien-

300 1505 383 1537 tiam
398 1502 539 1535 Domini
554 1501 803 1543 beneplacitum
819 1498 1066 1542 praestolab0r3
1085 1495 1284 1533 connivebo,
1303 1492 1512 1531 connivebo3
1531 1497 1613 1537 agat

302 1586 358 1617 ille
372 1593 505 1616 mecum
524 1592 586 1625 pro
604 1580 712 1619 libito,
730 1591 799 1612 non
813 1580 978 1612 disseram
997 1589 1072 1610 cum
1093 1588 1141 1609 eo.
1179 1576 1271 1614 Quid
1290 1580 1341 1608 est
1358 1575 1462 1607 homo
1482 1578 1519 1606 ut
1537 1583 1615 1605 cum

303 1665 376 1697 Deo
394 1664 584 1706 disceptare
609 1659 767 1693 audeat?
821 1659 898 1691 Imo
921 1659 950 1690 si
974 1659 1011 1690 in
1036 1668 1153 1690 orcum
1179 1656 1388 1693 detruderet,
1413 1653 1615 1696 parendum,

303 1755 373 1778 non
386 1742 668 1786 responsandum.
696 1740 853 1773 Gratiam
866 1738 920 1771 fac
931 1738 1027 1776 mihi,
1040 1737 1198 1775 Domine,
1213 1740 1353 1779 propter
1367 1734 1545 1767 Christum
1562 1732 1584 1764 J
1586 1743 1619 1764 e-

306 1835 392 1857 sum.
430 1822 511 1856 Non
529 1821 690 1854 erubesco
707 1819 861 1852 confiteri
879 1829 1058 1861 nunquam
1076 1828 1131 1850 me
1149 1821 1221 1849 tam
1240 1815 1385 1848 sublime
1403 1813 1537 1846 notitiae
1552 1811 1617 1843 Dei

306 1904 484 1947 fastigium
508 1902 664 1946 attigisse
681 1901 785 1944 quam
809 1900 873 1932 hoc
890 1898 1019 1932 morbo.
1071 1897 1103 1929 O
1128 1907 1233 1940 quam
1257 1894 1467 1928 horrendum
1494 1893 1529 1925 in
1548 1902 1619 1924 ma-

309 1994 374 2016 nus
389 1982 531 2015 Domini
549 1981 697 2014 incidere
717 1981 721 2012 !
745 1981 804 2013 sed
823 1979 972 2022 reposita
989 1982 1040 2010 est
1059 1977 1145 2009 mihi
1162 1975 1397 2008 misericordia
1415 1975 1451 2006 in
1469 1972 1618 2005 Christo.

310 2063 403 2102 Quid
421 2062 646 2099 contristaris,
663 2061 779 2093 anima
797 2058 899 2092 mea?
951 2058 1043 2097 Quid
1067 2062 1100 2090 te
1118 2056 1235 2101 dejicis
1254 2056 1289 2088 in
1314 2066 1367 2087 me
1383 2054 1398 2086 ἶ)
1451 2052 1622 2085 Obveniet

311 2142 374 2176 tibi
384 2153 464 2175 mox
475 2146 630 2184 aspectus
641 2145 675 2173 et
686 2150 888 2184 congressus
901 2137 1182 2171 amoenissimus?
1212 2133 1303 2170 Cum
1317 2133 1623 2177 advesperasceret,
