1905 2746
319 293 359 319 44
766 289 881 319 VITA
903 289 965 319 ET
989 289 1161 319 OBITUS

320 404 543 436 mandaretur
558 412 565 434 ε
584 402 640 434 Ex
658 402 711 435 his
730 402 892 436 Rollocus
910 414 1000 436 unus
1015 415 1022 435 :
1041 403 1166 436 horum
1183 413 1310 436 munus
1328 404 1492 446 temporis
1515 406 1625 447 spatio

319 489 350 516 et
370 483 677 516 administrationis
700 483 801 515 modo
824 493 862 515 ac
882 483 1014 515 ratione
1038 483 1334 525 circumscriptum
1356 487 1417 521 est,
1436 484 1625 516 decretum-

318 575 384 607 que
401 568 440 596 ut
459 563 611 596 defuncti
629 563 781 595 muneris
799 562 967 594 rationem
985 562 1152 604 proximae
1170 562 1365 604 insequenti
1389 562 1527 606 Synodo
1550 564 1624 595 red-

316 645 444 676 derent.
474 643 522 675 Hi
540 643 728 675 Ecclesiam
747 642 911 679 tumultu,
925 641 966 673 de
979 652 1047 683 quo
1059 641 1189 673 dictum
1206 646 1268 680 est,
1285 642 1409 675 misere
1426 647 1622 685 quassatam

316 724 460 757 maturis
479 722 628 755 consiliis
647 725 680 753 et
697 724 836 763 perpete
853 719 1034 758 industria,
1053 719 1200 758 reficere,
1217 720 1412 763 sensimque
1430 725 1622 754 restaurare

314 804 527 836 adnituntur.

361 883 466 916 Anno
487 885 590 921 1598,
615 882 790 925 praecipite
808 881 919 914 hieme
938 881 1174 913 vehementius
1198 881 1298 913 solito
1322 881 1442 913 morbo
1465 882 1623 925 ingrave-

313 967 426 996 scente
444 963 537 995 domi
556 973 590 994 se
609 962 829 994 concluserat.
880 960 1124 992 GULIELMUS
1144 957 1306 998 SCOTUS,
1325 970 1462 992 summa
1478 961 1622 993 necessi-

312 1043 431 1075 tudine
449 1043 479 1074 ei
500 1040 812 1085 conjunctissimus,
831 1039 978 1071 consulit
996 1039 1032 1071 in
1044 1039 1184 1071 domum
1200 1049 1298 1070 suam
1316 1040 1489 1077 transiret,
1508 1050 1619 1072 aerem

309 1122 514 1154 sereniorem
529 1132 566 1153 ac
579 1120 772 1160 liberiorem
787 1122 951 1162 carperet,
969 1123 1008 1151 ut
1021 1118 1085 1150 hac
1098 1119 1241 1156 ratione,
1260 1118 1288 1150 si
1302 1118 1374 1151 fieri
1390 1123 1514 1161 posset,
1530 1120 1619 1151 vale-

310 1202 465 1233 tudinem
478 1203 694 1242 recuperaret
709 1208 716 1230 :
735 1199 791 1230 ille
809 1198 949 1230 consilio
968 1197 1178 1240 obsequitur,
1191 1198 1394 1240 transitque.
1422 1197 1527 1231 Initio
1544 1200 1619 1241 qui-

308 1281 384 1312 dem
410 1284 487 1322 post
515 1278 757 1322 migrationem
784 1277 886 1319 coepit
913 1277 1111 1308 meliuscule
1137 1277 1260 1314 valere,
1287 1287 1405 1309 verum
1438 1276 1616 1310 confestim

308 1360 483 1404 geminata
504 1358 615 1391 morbi
634 1358 686 1389 vis
703 1358 790 1389 lecto
807 1367 886 1389 eum
904 1356 1022 1388 affixit.
1074 1355 1136 1388 Ille
1154 1366 1233 1388 cum
1251 1356 1393 1398 spiritus
1412 1357 1616 1399 linquentes,

308 1449 447 1481 seseque
466 1438 501 1470 in
519 1436 665 1469 confinio
681 1436 803 1468 mortis
821 1435 937 1473 sensit,
955 1434 1081 1467 coelesti
1093 1435 1220 1478 gaudio
1237 1434 1407 1477 perfusus,
1425 1436 1563 1468 mellitis
1582 1441 1615 1468 et

308 1517 410 1560 plane<
427 1517 553 1549 divinis
572 1514 786 1548 sermonibus
801 1514 955 1546 omnium
969 1514 1030 1557 qui
1047 1514 1238 1546 inviserant
1255 1514 1388 1546 animos
1406 1515 1539 1558 ingenti
1557 1516 1615 1548 lae-

306 1598 382 1629 titia
397 1596 508 1629 affecit
521 1606 529 1634 ;
549 1605 669 1627 verum
682 1594 840 1626 laetitiam
853 1592 1117 1635 interpellabant
1131 1592 1260 1625 obortae
1279 1593 1437 1626 omnibus
1456 1594 1614 1637 lacrymae

305 1687 382 1709 cum
404 1675 616 1718 pensitarent
642 1677 778 1706 tantum
800 1672 915 1704 viriun
940 1672 1095 1704 nondum
1120 1676 1259 1704 matura
1283 1676 1386 1704 aetate
1412 1673 1612 1715 praeripien-

306 1757 400 1793 dum,
418 1753 639 1786 adimendum
658 1751 822 1784 Ecclesiae
840 1754 1028 1793 parentem,
1048 1749 1260 1792 Reipublicae
1278 1751 1427 1783 salutare
1445 1751 1611 1790 columen,

304 1834 474 1867 neminem
499 1842 674 1875 superesse
691 1831 751 1874 qui
773 1829 890 1862 turbas
914 1829 950 1861 in
973 1828 1128 1862 Ecclesia
1150 1833 1341 1872 componat,
1369 1829 1498 1862 offenso
1515 1829 1609 1873 prin-

304 1914 369 1955 cipi
387 1914 477 1945 cives
494 1911 697 1948 reconciliet,
715 1908 904 1941 Ecclesiam
921 1909 958 1940 in
974 1908 1122 1952 gratiam
1141 1918 1218 1940 cum
1236 1918 1275 1940 eo
1292 1908 1442 1940 reducat.
1477 1908 1539 1941 Ille
1556 1920 1608 1942 so-

305 1998 364 2028 lita
382 1995 565 2038 prudentia
582 2003 635 2025 res
654 1992 855 2025 domesticas
873 1991 999 2035 digerit
1014 2001 1023 2022 :
1050 1990 1172 2023 deinde
1188 2001 1332 2023 uxorem
1354 1994 1432 2033 post
1449 1990 1609 2023 sterilita-

302 2082 370 2107 tem
394 2074 551 2107 undecim
574 2082 744 2105 annorum
767 2075 904 2104 uterum
923 2070 1089 2103 ferentem
1112 2080 1203 2103 curae
1221 2070 1420 2108 amicorum,
1438 2070 1606 2113 imprimis
