1905 2746
610 296 815 326 ROBERTI
841 294 1051 324 ROLLOCI.
1483 298 1503 331 9

195 414 297 457 coepit
314 424 356 445 ex
373 410 579 449 censoribus,
596 421 682 453 quos
700 410 743 442 ad
768 409 970 441 delictorum
994 417 1171 440 censuram
1194 408 1393 446 destinarat,
1411 418 1504 451 quae-

195 504 273 526 nam
294 503 333 525 ea
343 491 555 524 hebdomada
566 490 688 522 delicta
702 489 916 525 excidissent,
930 488 1051 520 citatos
1064 488 1300 530 delinquentes
1314 491 1411 519 tanta
1424 487 1504 519 dex-

196 572 332 604 teritate
349 570 530 613 increpuit,
548 570 634 601 iram
653 569 806 600 divinam
824 568 872 599 sic
889 567 1052 605 intonuit,
1070 567 1310 609 dedecorisque
1334 570 1430 598 metu
1453 570 1503 597 at-

194 651 321 683 tonitos
338 649 498 687 reddidit,
516 654 555 681 ut
579 649 621 680 ad
644 647 893 691 poenitentiam,
920 648 1095 690 vitamque
1119 647 1156 679 in
1176 646 1298 679 melius
1320 645 1503 678 emendan-

194 731 284 769 dam,
308 730 401 762 mille
419 729 561 761 verbera
578 739 648 760 non
665 732 802 760 tantum
825 727 1022 758 valuissent.
1073 725 1208 764 Quibus
1232 726 1323 758 enim
1342 736 1403 757 nec
1421 725 1503 757 alio-

193 821 270 842 rum
296 809 401 841 verba
424 813 484 840 aut
504 807 646 840 verbera
668 807 819 838 dolorem
842 805 1005 843 incutere,
1031 805 1225 848 lachrymas
1247 809 1405 837 excutere
1429 805 1503 847 qui-

192 894 324 927 verant,
341 889 510 921 caelestem
528 869 615 918 iram
628 885 827 922 intonando,
841 884 974 916 blandis
988 884 1165 927 promissis
1179 885 1369 922 mulcendo,
1383 885 1431 916 sic
1445 895 1499 916 eos

191 968 372 1006 concussit,
389 966 588 1010 prostravit,
610 969 649 997 ut
672 964 831 1007 suspiria,
850 964 1034 1007 singultus,
1052 963 1152 996 fletus
1170 963 1362 996 uberrimos
1381 974 1501 1006 expro-

191 1052 308 1081 meret.
348 1046 389 1079 In
403 1057 442 1079 eo
455 1050 572 1078 autem
586 1045 720 1088 insigne
733 1043 811 1082 fuit,
827 1044 899 1076 sive
913 1043 1155 1086 promissiones
1170 1043 1398 1088 Evangelicas
1414 1054 1501 1086 prae-

191 1128 329 1164 dicaret,
347 1126 419 1158 sive
436 1125 554 1157 severe
572 1123 802 1161 minitaretur,
820 1123 869 1155 ita
886 1133 921 1154 se
944 1123 1048 1155 etiam
1071 1122 1273 1165 nequissimi
1291 1121 1417 1160 animo,
1443 1122 1501 1154 ad-

191 1216 310 1238 versus
328 1215 431 1248 quem
449 1202 751 1236 vehementissime
770 1202 1019 1240 excanduisset,
1037 1201 1239 1240 insinuavit,
1263 1206 1303 1233 ut
1320 1201 1500 1244 profusmn

191 1286 264 1330 ejus
282 1285 319 1317 in
336 1295 371 1317 se
389 1293 540 1316 amorem
558 1283 739 1320 derivaret,
758 1292 868 1324 neque
882 1285 953 1313 tam
966 1285 1071 1320 metu,
1091 1292 1195 1324 quam
1209 1291 1324 1313 amore
1341 1281 1385 1313 ad
1396 1281 1503 1312 ultro-

191 1375 294 1397 neum
319 1363 521 1406 obsequium
547 1362 750 1395 traduceret.
801 1361 994 1399 Quotannis
1021 1365 1137 1393 autem
1163 1360 1431 1393 Adolescentum
1459 1359 1502 1393 ob

192 1454 392 1488 progressus
410 1443 446 1475 in
464 1441 688 1484 Philosophia
705 1442 938 1473 laureatorum
956 1452 1100 1473 examen
1118 1451 1227 1473 unum
1241 1440 1445 1478 enitebatur,
1460 1451 1501 1472 ex

190 1534 258 1566 quo
276 1522 436 1555 ditiorem
453 1525 603 1565 segetem
622 1520 786 1558 Ecclesia,
805 1520 1079 1563 Respublicaque
1098 1524 1297 1558 messuerat,
1311 1531 1416 1562 quam
1430 1520 1501 1552 ulla

190 1603 369 1635 hominum
386 1601 553 1634 memoria
568 1601 644 1633 haec
662 1600 772 1644 Regio
789 1600 880 1632 tulit.

238 1681 315 1724 Ipse
329 1685 445 1714 autem
460 1680 672 1713 Romocns
689 1690 710 1712 a
723 1680 845 1712 studiis
858 1679 1108 1722 philosophicis
1122 1680 1163 1711 ad
1180 1678 1389 1724 Theologica
1405 1690 1440 1712 se
1451 1691 1501 1712 se-

189 1761 313 1803 posuit.
379 1759 622 1792 Adolescentes
656 1758 806 1791 ubertim
845 1757 1068 1800 Philosophia
1103 1757 1263 1797 imbutos,
1298 1759 1341 1790 ad
1374 1770 1500 1792 munus

191 1839 366 1872 Pastorale
384 1840 585 1882 aspirantes,
604 1838 723 1881 perdia
745 1848 783 1870 ac
804 1838 957 1880 pernocti
981 1837 1170 1881 diligentia,
1193 1837 1362 1870 indefesso
1385 1838 1499 1870 labore

191 1918 381 1962 Theologia
397 1919 554 1951 excoluit.
598 1917 686 1951 Cum
705 1918 748 1950 ad
762 1928 836 1949 eam
855 1918 1083 1956 sedulitatem,
1101 1928 1157 1950 eas
1169 1928 1349 1955 aerumnas,
1363 1929 1447 1961 quas
1463 1919 1498 1950 in

190 1997 461 2030 adolescentibus
483 1997 537 2030 his
563 2008 660 2030 sacra
684 1997 748 2030 hac
774 1997 916 2030 scientia
941 1997 1145 2036 imbuendis,
1167 2002 1265 2030 tanta
1291 2008 1367 2029 cum
1392 1998 1497 2030 animi

189 2078 352 2121 aequitate
379 2078 593 2115 toleraverat,
616 2077 749 2110 lumina
773 2077 922 2115 reflecto,
941 2088 1073 2120 nequeo
1096 2078 1180 2110 mihi
1206 2077 1249 2110 ab
1273 2078 1499 2111 admiratione

881 2165 902 2187 B
