1905 2746
872 327 1124 358 EPITAPHIA

958 434 1058 464 Rsssp.

463 491 620 521 Dmmoiz
637 491 688 521 ille
705 492 763 521 fuit
780 494 833 532 qui
848 493 880 522 in
896 493 966 523 coeli
980 494 1082 524 luceat
1097 495 1187 526 aula:

506 551 590 581 Luce
606 552 663 582 hac
678 552 779 582 orbari
797 552 920 593 dignior
935 554 1018 583 orbis
1034 561 1108 584 erat.

945 672 1074 702 Amul).

465 732 689 761 Poanmmm
704 731 802 771 pietas
818 731 844 761 si
858 731 965 768 witam,
986 732 1036 761 hic
1052 732 1159 762 debuit
1175 743 1281 764 omnes

505 791 654 820 Mortales
671 791 780 820 mortis
795 791 980 831 praeteriisse
995 803 1092 822 mora,

466 851 525 881 Sed
540 851 664 891 quando
678 851 728 881 hic
745 851 820 881 obiit
835 862 968 892 praecox,
986 851 1141 881 discamus
1157 858 1187 882 et
1204 863 1311 883 omues

505 911 636 941 Pertaesi
654 911 735 940 hanc
752 911 849 940 vitam
865 911 1033 951 posthuma
1047 911 1129 941 secla
1144 913 1238 952 sequi.

946 1032 1072 1061 ALmD.

463 1093 630 1127 Pam-om,
647 1102 732 1127 voce,
749 1101 853 1127 manu,
871 1102 981 1121 verum
995 1091 1056 1131 (vir
1072 1093 1190 1130 sancte)
1208 1093 1347 1128 colebas;

504 1152 544 1181 Et
562 1162 671 1181 verum
686 1151 815 1181 extincti
832 1162 916 1181 nune
932 1158 1135 1182 monumenta
1150 1152 1270 1183 docent.

945 1272 1072 1300 Ammo.

467 1333 540 1362 Hoc
554 1331 661 1372 procul
677 1331 697 1360 εὶ
711 1330 833 1360 tumulo
849 1336 1024 1360 commenta
1040 1330 1181 1360 facessite
1197 1337 1306 1361 vatum
1320 1344 1325 1360 :

507 1391 589 1421 Vera
605 1391 651 1420 vir
666 1390 716 1420 hie
732 1390 832 1425 vivus,
850 1401 923 1419 vera
937 1390 1078 1430 sepultus
1094 1397 1189 1420 amat.

464 1451 554 1480 Vana
569 1455 652 1489 tegat
668 1449 769 1479 fontes
785 1449 896 1479 fucatae
912 1449 1012 1489 gratia
1028 1449 1136 1484 famae3

507 1510 557 1539 Nil
576 1509 633 1539 sibi
650 1509 758 1545 fucari,
775 1509 820 1538 nil
835 1514 905 1539 avet
920 1509 978 1539 iste
994 1509 1067 1549 tegi.

465 1570 575 1600 Testor
591 1581 647 1610 ego
663 1569 792 1599 extincti
808 1580 925 1605 manes,
942 1569 994 1609 pia
1008 1569 1139 1598 numina
1154 1575 1259 1599 testor.

508 1630 619 1660 Testor
635 1635 664 1659 et
680 1629 816 1659 innocuo
831 1629 856 1658 si
873 1629 942 1669 quis
958 1629 1084 1669 iniquus
1100 1634 1175 1659 erat.

468 1689 580 1719 Nullus
596 1689 623 1719 ei
639 1689 788 1729 quaesitus
804 1689 912 1725 honos,
929 1689 1088 1729 opulentia
1103 1688 1208 1718 nulla:

510 1749 615 1788 (Nunc
631 1749 754 1788 quibus,
772 1748 843 1784 heu,
860 1748 958 1788 pietas
972 1748 1110 1788 pestibus
1126 1759 1209 1788 aegra
1220 1749 1328 1788 gemit)

470 1810 531 1838 Pro
547 1808 647 1838 Tricis
660 1808 835 1848 Apinisque
850 1807 960 1837 habuit
975 1818 1085 1847 genUS‚
1102 1807 1191 1843 atria,
1208 1818 1335 1838 censum
1349 1821 1354 1836 ε

509 1869 574 1898 Res
589 1868 671 1904 vitae,
688 1868 727 1897 ad
741 1868 806 1897 voti
822 1878 900 1908 speS,
918 1873 1004 1897 ratus
1022 1878 1087 1897 esse
1102 1867 1189 1896 nihil.

470 1930 538 1958 Stet
554 1927 645 1958 modo
661 1927 807 1968 majestas
824 1927 952 1958 Christo
968 1938 1024 1957 sua
1039 1932 1131 1963 sarta,
1148 1927 1291 1967 salusque

512 1989 697 2018 Humanum
712 1988 731 2018 zi
748 1987 860 2028 Stygio
877 1987 1014 2017 vindicet
1029 1987 1117 2016 hoste
1132 1997 1240 2026 genus.

471 2050 554 2089 Ergo
570 2060 675 2089 reapse
691 2048 779 2078 bonis
795 2047 909 2084 cultus,
927 2047 1081 2088 probitate
1096 2047 1233 2076 remissis

512 2110 640 2145 Gratus,
658 2115 689 2139 et
703 2108 840 2149 indignis
856 2108 991 2148 denique
1007 2107 1106 2137 mirus
1121 2113 1197 2137 erat.

471 2168 560 2198 Nunc
576 2169 673 2198 vitam
688 2169 766 2198 hanc
783 2176 923 2198 sanctam
938 2167 1059 2208 requies
1075 2172 1138 2197 tam
1155 2172 1261 2197 sancta
1276 2175 1413 2203 coronat,

514 2228 631 2268 Sydera
648 2234 709 2258 tam
728 2227 812 2258 certo
828 2239 912 2258 nunc
928 2227 1086 2258 redivivus
1102 2228 1193 2257 habet
1207 2239 1212 2256 t
