1905 2746
803 325 1010 356 ROBERTI
1035 327 1244 357 ROLLOCI.
1587 329 1631 360 51

313 440 474 478 amicitia,
486 441 726 474 accersendum
741 446 774 474 te
793 444 922 482 curavi,
941 449 980 477 ut
998 447 1240 486 reverentiam,
1258 458 1327 490 qua
1347 459 1481 492 semper
1498 461 1518 483 a
1535 453 1632 485 cunis

313 518 443 552 Christi
461 520 693 554 ministerium
707 528 909 565 prosecutus
923 534 1012 563 sum,
1027 529 1190 558 testatam
1208 526 1366 560 facerem.
1401 528 1480 574 Ego
1493 532 1632 574 quidem

311 609 374 641 pro
391 599 530 632 modulo
547 600 628 633 doni
642 612 758 644 preces
775 602 813 636 in
830 603 946 636 sinum
960 604 1026 637 Dei
1040 604 1115 638 fudi
1131 616 1140 645 ;
1163 610 1201 639 tu
1217 618 1336 650 quaeso
1349 619 1412 651 pro
1426 620 1480 642 me
1492 621 1632 653 precum

309 689 406 712 sacra
431 681 588 725 peragito
603 691 611 720 ;
639 693 703 726 ego
728 684 832 716 corde
859 688 893 717 et
921 684 1045 718 affectu
1072 696 1196 730 sequar
1210 697 1218 720 t
1244 688 1383 721 interim
1409 701 1452 722 ne
1476 691 1632 733 protrahi

309 759 418 792 vitam
432 760 521 793 hanc
535 753 684 806 flagita.’'
714 762 912 797 Provolutis
927 765 1087 799 omnibus
1103 767 1163 810 qui
1179 768 1324 801 aderant
1337 769 1373 801 in
1387 780 1502 813 genua
1515 781 1630 813 preces

309 841 457 875 celebrat
474 842 750 886 Balcanquellus.
802 845 904 879 Inter
924 848 1056 891 reliqua
1074 848 1207 893 flagitat
1225 852 1327 884 vellet
1344 851 1439 885 Deus
1461 854 1550 887 tanti
1567 854 1633 886 viri

308 923 562 956 diuturniorem
568 935 710 958 usuram
721 926 911 971 indulgere,
920 927 999 961 cum
1009 928 1174 963 Ecclesiae
1186 935 1220 964 et
1229 931 1442 975 Reipublicae
1452 936 1543 968 salus
1555 940 1630 968 tan-

308 1000 425 1045 topere
437 1014 516 1035 eum
530 1009 682 1046 poscant.
709 1005 872 1039 Rollocus
886 1008 934 1040 sic
945 1013 1101 1041 orantem
1114 1010 1322 1053 interpellat,
1335 1015 1355 1029 ‘⁶
1367 1012 1493 1053 Satius,
1505 1015 1629 1058 inquit,

307 1082 394 1115 mihi
416 1082 522 1128 hujus
544 1084 638 1123 vitae,
655 1083 757 1118 unice
778 1086 814 1118 in
835 1088 925 1119 votis
947 1087 1056 1121 habeo
1078 1089 1187 1122 vitam
1210 1091 1379 1124 coelestem
1401 1104 1479 1126 cum
1497 1093 1571 1127 Deo
1591 1095 1628 1127 in

307 1162 447 1196 Christo
460 1164 702 1197 reconditam.⁷’
732 1165 991 1200 consummatis
1006 1168 1164 1211 precibus
1178 1170 1214 1203 in
1229 1170 1325 1204 verbi
1338 1173 1516 1215 praedicati
1530 1185 1627 1207 enco-

306 1242 377 1275 mia
387 1244 538 1286 erumpit
551 1253 558 1276 :
573 1243 900 1289 “Verbum,inquit,
910 1246 977 1279 Dei
988 1249 1143 1290 potentia
1154 1250 1197 1282 ad
1209 1251 1437 1290 salutem,Dei
1449 1254 1627 1296 sapientia,

305 1322 378 1355 vita
394 1332 402 1361 ;
425 1333 487 1355 nec
504 1323 575 1355 ulla
592 1324 655 1356 ulli
672 1323 801 1368 absque
819 1324 925 1358 verbo
942 1327 1035 1359 salus
1051 1339 1057 1360 :
1083 1339 1153 1361 non
1172 1333 1234 1367 est,
1252 1331 1379 1364 credite
1396 1332 1493 1371 mihi,
1511 1333 1628 1378 exigui

307 1402 473 1435 momenti
490 1403 670 1447 negotium
688 1403 832 1437 verbum
853 1406 1061 1448 praedicare:
1088 1409 1229 1450 perinde
1249 1420 1319 1443 non
1336 1415 1388 1444 est
1412 1423 1450 1444 ac
1472 1412 1627 1446 Platonis

304 1481 547 1514 Aristotelisve
572 1486 707 1515 textum
736 1484 968 1526 interpretari,
987 1490 1049 1518 aut
1067 1487 1258 1520 orationem
1276 1489 1462 1533 pigmentis
1480 1502 1519 1524 ac
1535 1493 1628 1525 leno-

304 1561 394 1594 cinio
412 1563 578 1594 sermonis
596 1562 739 1596 oblitam
757 1564 900 1596 recitare
917 1574 924 1597 :
951 1565 987 1597 in
1014 1567 1253 1607 sanctimonia,
1274 1568 1481 1609 humilitate,
1502 1571 1626 1605 efficaci

303 1641 446 1684 spiritus
457 1641 750 1675 demonstratione
761 1642 868 1675 situm
881 1648 932 1676 est
944 1644 1039 1677 verbi
1052 1647 1265 1688 praeconium
1279 1657 1286 1679 :
1308 1650 1430 1691 quanti
1442 1650 1527 1683 illud
1539 1662 1626 1684 sem-

302 1731 363 1763 per
373 1720 619 1767 fecerimjnovit
630 1721 754 1754 Deus.”
776 1722 867 1755 Dein
878 1724 922 1756 ad
933 1735 1048 1767 preces
1058 1727 1263 1760 revertitur:
1283 1730 1303 1745 “
1313 1727 1413 1767 Veni,
1423 1729 1625 1773 inquit‚Do-

301 1800 393 1833 mine
404 1799 427 1832 J
429 1811 499 1839 esu,
513 1800 638 1834 horum
649 1802 827 1835 oculorum
840 1814 963 1836 nervos
975 1804 1152 1848 abrumpe,
1164 1806 1248 1839 alios
1260 1807 1347 1840 mihi
1357 1809 1502 1853 largire:
1522 1812 1621 1854 cupio

301 1880 443 1913 dissolvi
461 1892 499 1914 ac
516 1886 630 1914 tecum
645 1893 717 1915 esse
732 1892 740 1915 t
765 1888 902 1916 matura
917 1885 1044 1923 venire,
1060 1885 1209 1919 Domine
1222 1886 1245 1918 J
1247 1898 1318 1926 esu,
1333 1899 1376 1921 ne
1394 1891 1486 1923 ultra
1500 1892 1619 1931 differ3

300 1960 460 2004 egredere
474 1961 599 2003 pusilla
612 1962 695 2000 vita,
712 1966 753 1995 ut
770 1962 985 2006 ingrediatur
1002 1965 1124 1997 melior
1141 1966 1200 1997 illa
1214 1966 1287 1999 vita
1301 1966 1367 2000 Dei
1382 1980 1388 2000 :
1415 1969 1537 2009 insere,
1551 1970 1622 2004 Do-

300 2040 391 2073 mine
397 2039 420 2072 J
422 2051 492 2079 esu,
504 2040 585 2074 huic
596 2043 730 2085 corpori
741 2053 883 2075 manum
895 2048 1003 2082 tuam,
1015 2045 1128 2088 arripe
1140 2045 1203 2078 tibi
1215 2047 1367 2080 animam
1378 2049 1511 2082 istam.’'
1529 2051 1618 2084 Cum

298 2120 500 2163 aliquandiu
514 2131 614 2154 mane
627 2121 813 2164 quievisset
831 2124 1007 2157 silentium
1024 2125 1163 2158 tandem
1180 2125 1245 2159 hoc
1262 2138 1418 2162 sermone
1432 2129 1618 2176 abrumpit,
