1905 2746
322 318 367 348 30
787 315 900 344 VITA
923 315 985 345 ET
1010 313 1178 344 OBITUS

323 428 480 469 possunt)
499 431 537 459 ut
556 431 590 459 et
612 427 765 469 plerique
792 427 852 470 qui
873 427 985 460 adhuc
1003 427 1126 459 vivunt
1150 426 1370 459 meminerint
1387 435 1465 468 quae
1483 424 1573 457 bona
1590 434 1632 456 ex

324 518 363 539 eo
380 506 572 545 didicerint,
590 510 624 538 et
641 506 769 549 posteri
787 507 962 549 exemplar
974 506 1124 539 habeant
1141 506 1206 539 sibi
1224 506 1438 549 propositum
1452 505 1543 548 quod
1557 504 1634 536 imi-

323 590 451 619 tentur.

373 743 639 777 ROBERTUS
667 742 935 782 ROLLOCUS,
961 748 1063 776 natus
1090 754 1181 776 anno
1210 745 1315 782 1555,
1343 749 1442 786 patre
1470 743 1632 776 DAV1DE

324 824 524 861 ROLLOCO‚
543 822 676 855 Puissae
696 821 788 865 (quae
811 823 894 854 villa
917 833 987 854 non
1010 822 1113 866 longe
1136 822 1285 856 Sterlino
1307 822 1417 866 abest)
1445 822 1635 859 comarcho,

326 909 436 937 matre
455 903 595 936 MARIA
614 902 926 935 LEVINGSTONIA
944 913 986 935 ex
1008 903 1135 935 illustri
1158 902 1486 947 Levingstoniorum
1505 902 1636 935 familia

326 984 481 1016 oriunda.
532 982 709 1026 Singulari
726 982 836 1025 patris
854 992 937 1014 cura
954 986 988 1014 et
1005 982 1120 1015 studio
1137 982 1323 1015 liberaliter
1341 983 1515 1021 educatus,
1533 984 1636 1015 etiam

328 1064 363 1095 in
377 1064 452 1105 ipsa
469 1062 618 1104 pueritia
631 1072 709 1093 cum
723 1061 836 1103 prima
847 1061 1016 1093 elementa
1029 1061 1228 1099 addisceret,
1244 1072 1313 1094 non
1325 1061 1508 1094 obscurum
1519 1063 1635 1105 magni

326 1142 456 1186 ingenii
470 1141 641 1184 specimen
659 1140 774 1178 dedit3
793 1151 862 1183 quo
879 1144 994 1173 motus
1012 1145 1110 1184 pater
1123 1151 1202 1173 eum
1217 1140 1405 1173 Sterlinum
1420 1141 1463 1173 ad
1480 1141 1639 1174 humani-

327 1232 386 1254 01·a
403 1221 518 1253 studia
539 1219 744 1263 capessenda
769 1220 978 1252 amandavit.
1031 1219 1099 1252 Hic
1123 1224 1370 1262 praeceptorem
1388 1220 1510 1253 habuit
1533 1220 1638 1252 THo-

331 1309 426 1333 MAM
444 1300 744 1332 BUCHANANUM
764 1297 895 1342 (magni
913 1299 1006 1331 illius
1032 1298 1236 1332 Buchanani
1254 1304 1434 1341 poetarum
1454 1300 1508 1332 sui
1522 1300 1639 1332 saeculi

328 1380 429 1413 facile
446 1379 610 1422 principis
629 1388 671 1410 ex
688 1377 796 1411 fratre
813 1378 987 1422 nepotem)
999 1382 1164 1421 spectatae
1181 1382 1257 1411 tum
1268 1377 1460 1421 probitatis,
1478 1382 1553 1410 tum
1565 1389 1641 1411 eru-

329 1460 470 1492 ditionis
482 1459 609 1496 virum,
623 1462 657 1491 et
670 1458 848 1502 egregium
857 1458 1054 1501 juventutis
1066 1458 1262 1491 erudiendae
1275 1458 1493 1502 magistrum,
1507 1458 1571 1490 sub
1585 1469 1642 1490 cu-

327 1540 385 1582 jus
403 1538 514 1570 ferula
530 1538 580 1570 ita
602 1537 639 1569 in
664 1536 928 1569 humanioribus
952 1537 1061 1569 literis
1084 1536 1230 1580 profecit
1250 1541 1291 1570 ut
1312 1536 1544 1569 Buchananus
1563 1547 1641 1569 eum

332 1618 487 1661 impense
504 1617 672 1654 dilexerit,
691 1622 725 1648 et
743 1615 906 1649 Rollocus
924 1616 1076 1649 vicissim
1089 1616 1311 1659 praeceptoris
1325 1627 1477 1649 amorem
1490 1617 1540 1649 ita
1552 1627 1642 1649 com-

333 1697 501 1740 pensavit,
515 1699 556 1728 ut
566 1695 684 1727 multis
698 1699 776 1737 post
789 1695 899 1733 annis,
913 1705 991 1727 cum
1008 1694 1207 1728 Academiae
1224 1694 1484 1740 Edinburgenae
1502 1694 1641 1738 praefec-

334 1782 414 1809 tura
429 1775 644 1820 fungeretur,
660 1784 840 1816 nunquam
857 1784 936 1806 eum
954 1773 1200 1819 Edinburgum
1218 1785 1280 1817 pro
1298 1786 1334 1807 re
1352 1779 1434 1807 nata
1446 1776 1639 1808 venientem

334 1865 454 1898 passus
472 1854 517 1887 sit
534 1858 632 1887 extra
648 1853 790 1886 domum
814 1864 912 1886 suam
929 1853 1108 1896 hospitari,
1126 1854 1225 1896 eique
1241 1854 1412 1898 insignem
1434 1855 1532 1886 illum
1550 1865 1643 1886 com-

335 1934 543 1967 mentarium
567 1933 604 1965 in
626 1933 775 1976 priorem
798 1933 842 1965 ad
865 1931 1185 1966 Thessalonicenses
1209 1932 1404 1976 Epistolam
1431 1934 1467 1965 in
1490 1934 1643 1966 testimo-

336 2015 432 2047 nium
446 2012 669 2058 gratitudinis
680 2012 812 2044 dicarit.
840 2010 909 2044 Ubi
922 2012 960 2044 in
974 2012 1097 2044 studiis
1114 2011 1376 2045 humanioribus
1391 2013 1474 2045 satis
1488 2018 1644 2045 maturu-

338 2097 418 2128 isset
442 2094 537 2127 misit
557 2103 635 2126 etun
661 2097 759 2136 pater
785 2091 1023 2136 Andreapolin
1048 2093 1091 2125 ad
1114 2092 1315 2126 sublimiora
1340 2093 1399 2125 illa
1422 2092 1648 2135 philosophiae
