1905 2746
339 303 382 333 18
820 300 933 329 VITA
955 299 1016 329 ΕΤ
1040 299 1164 329 MORS

338 417 534 454 temporum
560 410 704 443 felicitas
731 411 826 443 vobis
852 411 986 454 obtigit,
1021 411 1214 453 Principem
1242 412 1333 444 nacti
1359 412 1451 450 estis,
1477 412 1537 455 qui
1563 422 1639 445 cum

337 491 422 522 lacte
440 490 655 533 Religionem
673 489 798 527 hausit,
816 500 894 532 quae
918 490 992 533 ejus
1018 489 1203 522 visceribus
1228 490 1402 523 recondita
1424 501 1502 523 cum
1520 501 1559 523 eo
1576 491 1642 523 cal-

336 569 437 606 cavit,
456 568 671 612 Religionem
688 569 867 610 disciplina
878 569 1159 606 circumvallavit,
1173 570 1464 602 circumvallatam
1477 580 1540 602 suo
1553 581 1640 612 prae-

336 647 422 679 sidio
440 648 537 685 texit,
555 646 785 689 Ecclesiaeque
803 647 1030 689 patrocinium
1049 647 1095 678 sic
1113 647 1150 678 in
1166 658 1201 678 se
1225 648 1382 690 suscepit,
1400 653 1439 680 ut
1459 659 1563 691 quam
1581 649 1640 681 diu

335 736 413 758 eum
432 726 503 758 vita
520 736 589 757 non
606 726 749 763 deserat,
767 726 852 757 illud
869 736 939 757 non
962 725 1178 757 deserturum
1195 736 1230 757 se
1255 726 1466 759 documentis
1484 728 1640 760 inmune-

334 806 381 836 ris
399 805 512 846 palam
530 804 656 836 fecerit.
708 804 809 841 Quod
826 805 941 847 itaque
960 801 1083 836 blande
1108 805 1287 837 mulcendo
1312 805 1342 836 ei
1366 805 1484 837 elicere
1508 806 1639 843 valetis,

334 894 375 915 ne
402 884 593 925 torquendo
618 887 820 925 extorquere
845 882 975 915 frustra
999 883 1204 915 adnitimini.
1256 883 1353 915 Serio
1381 885 1571 917 cavendum
1597 895 1639 916 ne

337 974 378 994 ex
396 963 459 994 hoc
476 961 648 994 felicitatis
669 961 808 1005 fastigio
825 972 962 1004 pessum
980 973 1015 994 se
1033 963 1090 994 det
1112 962 1275 995 Ecclesia.
1326 962 1493 1000 Quiverat
1511 963 1640 996 Paulus

334 1041 538 1073 Onesimum
556 1040 744 1084 fugitivum
762 1041 852 1082 apud
872 1051 906 1072 se
924 1041 1081 1079 retinere,
1099 1042 1214 1073 renuit
1233 1046 1349 1073 tamen
1366 1052 1409 1073 ne
1427 1041 1638 1074 Philemonis

334 1119 533 1151 beneficium
551 1130 593 1151 ex
611 1119 810 1151 necessitate
828 1129 899 1151 esse
915 1119 1097 1151 videretur.
1141 1118 1230 1162 Ejus
1244 1120 1398 1163 vestigiis
1412 1120 1638 1152 insistendum

333 1198 428 1230 vobis
447 1199 482 1230 in
501 1199 588 1230 tanti
607 1198 765 1240 ponderis
780 1198 917 1241 negotio
935 1199 1054 1230 sentio.
1098 1197 1191 1230 Deus
1208 1203 1306 1240 pater
1323 1197 1407 1230 Jesu
1421 1198 1562 1236 Christi,
1577 1209 1636 1231 vos

333 1277 425 1309 omni
450 1277 681 1308 benedictione
704 1277 874 1318 spirituali
898 1278 1090 1319 locupletet,
1108 1276 1257 1319 fortique
1284 1277 1403 1309 robore
1427 1278 1571 1315 muniat,
1595 1279 1637 1310 ad

332 1357 561 1388 ministerium
578 1356 670 1388 istud
689 1360 825 1388 strenue
843 1355 1047 1388 obeundum.

379 1435 643 1478 Vesperascente
668 1437 783 1468 eodem
810 1437 873 1474 die,
901 1447 1083 1478 properare
1108 1447 1199 1469 mors
1227 1437 1416 1474 videbatur,
1447 1448 1551 1480 quam
1580 1438 1636 1470 ille

332 1516 503 1553 odoratus,
527 1526 716 1547 sermonem
742 1516 873 1557 occipit,
897 1526 965 1547 non
990 1515 1142 1548 humano
1167 1516 1303 1548 cerebro
1325 1527 1498 1555 excusum,
1516 1527 1635 1548 verum

332 1595 463 1627 coelitus
482 1606 501 1626 a
519 1594 583 1626 Dei
601 1595 725 1636 spiritu
743 1595 939 1631 stillantem,
957 1595 1016 1636 qui
1035 1595 1164 1626 cunctis
1182 1595 1382 1627 astantibus·
1394 1600 1568 1637 stuporem
1585 1596 1637 1627 in-

328 1674 467 1716 jecerat.
518 1672 675 1704 Aderant
693 1672 818 1704 Medici
844 1673 902 1714 qui
926 1673 1181 1705 medicamentis
1205 1674 1275 1705 suis
1301 1674 1371 1705 vim
1396 1673 1506 1705 morbi
1530 1675 1635 1706 lenire

333 1751 437 1793 (quod
456 1751 555 1794 vigor
572 1751 738 1782 naturalis
757 1750 925 1793 deficeret)
943 1755 1140 1783 renuerimt.
1191 1751 1248 1782 Ad
1273 1751 1385 1783 Deum
1403 1752 1518 1794 itaque
1536 1762 1634 1784 verso

330 1841 484 1862 sermone
499 1839 506 1860 :
533 1829 600 1866 Tu,
619 1830 742 1872 inquit,
762 1829 854 1862 Deus
871 1830 1057 1862 medeberis
1076 1830 1161 1862 mihi
1177 1839 1184 1862 ε
1207 1831 1286 1862 dein
1303 1841 1417 1873 preces
1435 1832 1507 1863 zelo
1524 1832 1635 1864 inten-

331 1909 465 1940 sissimo
483 1908 607 1945 fundit,
626 1918 725 1940 orans
743 1909 854 1950 primo
873 1909 973 1940 vellet
991 1907 1084 1940 Deus
1102 1908 1167 1940 sibi
1185 1909 1323 1951 suisque
1336 1909 1481 1951 peccatis
1495 1914 1634 1952 propter

329 1989 467 2019 unicum
494 1987 623 2019 Christi
649 1987 851 2019 sacrificium
876 1987 1045 2029 propitius
1071 1998 1152 2025 esse,
1172 1988 1361 2029 praedicans
1388 1988 1502 2020 omnia
1527 1999 1634 2030 quan-

329 2067 457 2099 tumvis
476 2067 518 2098 ad
537 2067 681 2109 speciem
700 2067 859 2108 speciosa,
877 2071 1016 2108 propter
1039 2067 1146 2099 crucis
1171 2066 1300 2100 Christi
1321 2068 1552 2104 eminentiam,
1569 2078 1631 2109 pro
