1905 2746
711 329 749 359 D.
766 328 968 359 ROBERTI
984 328 1195 360 ROLLOCI.

883 435 1009 465 ALIUD.

458 499 635 528 Occch'r
650 495 747 526 stellae
764 501 799 525 ut
813 495 958 526 veniente
974 496 1104 531 thbo,

540 556 582 586 Et
597 555 680 586 diem
698 555 807 586 adesse
824 555 947 586 docent.

456 616 611 647 Occidens
627 615 718 646 stella
732 616 800 646 haec
816 621 931 653 monet,
949 621 980 646 et
996 626 1177 656 supremum

498 676 526 706 N
529 687 568 706 011
581 676 692 717 procul
707 687 773 706 esse
789 676 882 706 diem.

458 737 538 767 Solis
554 737 724 767 adveutum
741 742 847 767 monet
862 742 893 767 et
908 736 1119 777 propinquum

497 798 517 827 J
521 797 645 833 ustitiae,
660 797 723 827 imo
739 796 797 827 dei.

999 856 1179 886 Geoamus
1196 855 1424 888 Tuomsosus.

458 1034 493 1063 {N
512 1034 647 1064 tenebris
663 1038 827 1074 postquam
843 1033 992 1074 praeluxit
1008 1033 1091 1064 Jova
1106 1033 1280 1065 Britannis.

454 1094 556 1124 Multa
572 1094 751 1124 Caledoniis
766 1093 924 1124 fulserunt
939 1093 1061 1124 lumina
1077 1094 1196 1129 Scotis3

454 1154 518 1189 Qui
534 1154 667 1184 candore
682 1154 789 1191 animi,
806 1154 913 1184 divina
929 1165 1003 1185 voce
1019 1154 1167 1192 ministri,

454 1214 494 1243 Et
510 1214 575 1244 face
592 1214 748 1255 praecipua
759 1213 832 1245 vitae
848 1214 1028 1254 integritate
1044 1215 1173 1246 misellis

455 1274 625 1304 Excussere
640 1274 753 1304 animis
768 1284 858 1305 caecae
874 1273 1017 1314 caliginis
1033 1275 1170 1305 umbras.

495 1334 556 1365 Sed
573 1342 677 1365 tamen
693 1334 830 1364 occiduis
845 1345 946 1375 nuper
961 1333 1094 1364 diffulsit
1110 1335 1142 1364 in
1159 1335 1222 1365 oris

453 1395 601 1424 Rollocus
617 1394 690 1425 vitae
705 1394 755 1424 vel
770 1394 872 1435 prima
885 1394 1015 1425 lucerna
1028 1395 1137 1426 beatae.

455 1455 610 1485 Praeterezi
625 1454 746 1495 eloquio
761 1454 810 1484 vir
825 1454 1102 1495 praestantissimus
1118 1456 1214 1491 omni,

453 1515 568 1544 Divino
584 1515 616 1544 in
632 1514 750 1555 primis,
768 1515 857 1555 cujus
873 1514 1041 1555 vitamque,
1058 1514 1214 1556 fidemque

453 1575 515 1605 Nec
532 1586 618 1605 mens
634 1574 799 1615 complecti
813 1574 937 1615 poterit,
954 1585 1012 1604 nec
1027 1574 1135 1615 lingua
1149 1575 1276 1615 profari,

452 1635 558 1676 Nuper
573 1641 603 1665 et
618 1634 779 1665 indomitae
794 1634 904 1665 mortis
919 1646 952 1665 se
968 1635 1108 1665 condidit
1123 1635 1245 1666 umbrel-

493 1696 522 1726 O
538 1706 644 1725 rerum
660 1695 820 1725 instabiles
835 1706 935 1731 casus,
953 1699 984 1725 et
1000 1700 1141 1736 tempora
1155 1696 1228 1726 vitae
1242 1696 1248 1725 ἵ

452 1756 518 1785 Hoc
534 1755 628 1785 decus
644 1760 786 1796 ereptum
801 1754 957 1796 plangunt
973 1755 1134 1786 Heliconis
1149 1755 1270 1786 alumni
1283 1770 1288 1785 :

450 1815 544 1845 Hunc
560 1815 656 1846 solem
672 1815 809 1846 invisum
825 1815 942 1846 deflent
957 1815 1009 1856 pia
1023 1816 1118 1846 corda
1132 1816 1266 1857 piorum,
1284 1826 1312 1847 ct

449 1875 554 1905 Scotia
569 1875 695 1915 lugubri
711 1879 843 1905 testatur
858 1879 944 1905 veste
959 1875 1108 1906 dolorem.

449 1935 600 1965 Defuncti
614 1935 694 1965 hauc
710 1934 849 1965 animam
864 1946 926 1975 quo
941 1935 1080 1966 carmine
1096 1936 1314 1977 compellabo?

450 1995 484 2024 Si
500 1994 592 2024 modo
607 1995 682 2035 quid
696 1994 791 2036 pullae
810 1999 919 2032 vestes,
937 1999 968 2025 et
982 1994 1089 2025 inania
1104 2002 1232 2036 possent

450 2055 593 2092 Munera,
611 2066 667 2085 nec
682 2054 776 2096 pullae
792 2060 903 2091 vestes,
920 2066 978 2086 nec
994 2066 1126 2086 munera
1141 2055 1274 2086 dsessent.

449 2115 509 2145 Sed
524 2114 599 2155 quid
614 2126 671 2155 ego
686 2115 844 2146 invideam
860 2115 998 2146 melioris
1014 2116 1177 2146 commoda
1192 2117 1287 2146 vitaz?

1572 330 1583 336 ‘'
1589 330 1605 355 .ῑί
