1905 2746
307 303 352 332 42
749 300 862 330 VITA
885 299 947 329 ET
972 298 1138 329 OBITUS

307 414 451 446 summis
480 414 585 457 juxta
611 424 649 446 ac
680 413 807 447 infimis
839 418 913 447 erat
942 413 1160 458 gratissimus
1190 412 1488 455 charissimusque.
1531 411 1617 444 Gra-

302 496 376 524 tum
401 492 611 536 charumque
635 493 783 526 reddidit
807 494 933 526 candor
956 493 1096 536 quidam
1123 492 1160 524 in
1185 491 1287 524 rebus
1310 491 1468 536 gerendis
1492 492 1613 535 genui-

302 582 377 610 nus,
401 573 615 617 insignisque
645 573 835 611 humilitas,
857 583 935 615 quae
958 573 1092 615 reliqua
1108 572 1198 604 dona
1214 582 1293 614 quae
1316 571 1350 604 in
1370 582 1409 604 eo
1427 575 1525 603 erant
1542 571 1612 603 exi-

300 651 370 682 mia
392 651 535 684 mirifice
560 652 751 684 exornavit.
785 651 954 688 Quamvis
980 651 1072 683 enim
1097 651 1154 682 ille
1177 650 1352 692 praeclaris
1373 649 1510 682 dotibus
1534 650 1609 682 aliis

297 728 369 761 fere
387 729 545 762 omnibus
564 730 776 772 praeluceret,
795 739 868 762 sese
886 733 1001 761 tamen
1020 739 1082 761 suo
1099 739 1203 761 censu
1220 727 1312 761 infra
1325 739 1441 760 omnes
1459 729 1606 762 demisit.

297 807 385 840 F1xo
411 809 550 851 quidem
576 809 682 841 animi
707 808 883 851 proposito
906 808 1131 841 constituerat
1154 808 1246 850 apud
1264 818 1335 840 sese
1358 808 1474 846 latere,
1498 813 1605 851 utque

294 887 416 919 studiis
443 887 582 920 liberius
610 891 747 920 vacaret
769 888 862 920 intra
889 886 1087 919 Academiae
1113 886 1280 929 pomoeria
1305 896 1377 918 sese
1404 886 1537 924 abdere,
1561 898 1603 919 ne

293 967 382 998 curis
400 966 544 1009 publicis
563 966 798 1009 implicaretur
813 976 821 1005 ;
841 971 968 1009 praeter
982 970 1102 999 votum
1121 971 1236 998 tamen
1254 966 1297 998 ad
1314 965 1450 1008 publica
1463 967 1602 1010 negotia

292 1046 453 1088 pleraque
467 1050 639 1078 extractus
656 1050 717 1083 est,
731 1057 809 1088 quae
821 1046 959 1088 quidem
972 1046 1028 1077 ille
1042 1024 1213 1088 singulari
1227 1048 1261 1077 et
1278 1045 1493 1077 sanctissima
1510 1047 1601 1087 pari-

291 1129 343 1156 ter
360 1124 544 1167 prudentia
563 1124 774 1167 expediebat.
801 1124 980 1167 Praecipiti
997 1123 1105 1167 plebis
1124 1125 1196 1156 zelo
1214 1123 1354 1156 turbata
1370 1128 1507 1156 maturo
1525 1125 1598 1168 ejus

289 1202 429 1235 consilio
451 1203 487 1235 in
505 1203 661 1235 ordinem
679 1203 819 1235 reducta
836 1207 928 1235 sunt.
955 1202 1050 1235 Rara
1067 1202 1132 1234 zeli
1150 1203 1241 1234 socia
1257 1202 1452 1245 prudentia,
1466 1213 1527 1235 nec
1545 1214 1597 1236 as-

288 1283 407 1315 siduus
421 1284 615 1326 prudentiae
628 1294 739 1316 comes
757 1284 849 1316 zelus
863 1293 871 1322 ;
887 1284 1067 1326 utriusque
1080 1287 1196 1316 tamen
1210 1283 1381 1327 insignem
1393 1284 1593 1326 temperiem

287 1361 428 1394 Rolloco
442 1362 614 1395 indiderat
628 1363 667 1399 is,
685 1363 745 1405 qui
759 1373 903 1395 munera
916 1363 1020 1394 tacito
1038 1362 1198 1405 dispertit
1215 1361 1368 1400 arbitrio,
1383 1372 1500 1406 quam,
1512 1362 1591 1395 cuin

288 1440 450 1480 Ecclesia,
477 1446 552 1474 tum
571 1442 779 1485 Respublica
802 1441 980 1475 Scoticana
1002 1452 1080 1474 cum
1098 1452 1224 1485 magno
1248 1452 1310 1474 suo
1336 1441 1424 1474 bono
1448 1446 1482 1474 et
1505 1452 1595 1475 com-

283 1521 384 1553 modo
402 1522 509 1554 sensit
526 1521 591 1554 sibi
609 1522 805 1555 salutarem.
832 1521 1031 1554 Novissime
1049 1521 1132 1554 vitae
1151 1521 1288 1554 biennio
1306 1522 1354 1554 sic
1371 1522 1461 1554 curis
1480 1521 1592 1564 publi-

283 1600 329 1631 cis
348 1600 633 1643 praegravabatiu·
647 1604 688 1632 ut
701 1600 862 1633 valetudo
880 1601 1007 1642 alioqui
1025 1600 1107 1632 satis
1126 1599 1263 1632 infirma
1279 1599 1464 1632 labesceret
1479 1609 1487 1632 z
1508 1601 1591 1633 assi-

281 1678 358 1711 duis
376 1679 467 1711 enim
487 1680 606 1711 calculi
625 1679 832 1712 cruciatibus
850 1679 1051 1723 angebatur,
1065 1684 1098 1711 et
1116 1678 1283 1711 stomachi
1301 1678 1501 1712 infirmitate
1518 1680 1592 1712 lan-

280 1757 472 1800 guescebat,
490 1762 524 1790 et
541 1762 657 1791 tamen
678 1759 791 1791 visum
809 1762 860 1791 est
878 1757 962 1796 Deo,
980 1758 1044 1790 hoc
1061 1758 1136 1801 ipso
1159 1755 1293 1790 summ&⁴
1318 1759 1479 1801 perplexo
1504 1763 1590 1791 tem-

279 1847 370 1878 pore,
388 1837 496 1879 ipsius
515 1848 618 1880 opera
632 1837 798 1871 Ecclesiae
812 1848 951 1881 pessum
969 1838 1065 1870 eunti
1083 1837 1274 1870 subvenire.
1309 1836 1401 1869 Nam
1419 1841 1589 1880 quantum

280 1916 431 1949 humano
444 1916 577 1961 Judicio
595 1918 756 1960 consequi
774 1918 939 1955 valemus,
957 1918 1023 1950 nisi
1040 1917 1248 1960 periclitanti
1262 1915 1428 1950 Ecclesiae
1446 1918 1587 1950 celerem

279 2006 377 2038 opem
395 1998 541 2035 tulisset,
559 1998 595 2030 in
613 1998 830 2030 miseriarum
849 2008 1013 2030 oceanum
1038 1997 1222 2029 incidisset.
1274 1995 1475 2030 Inconsulto
1495 1997 1586 2030 enim

279 2080 422 2108 armatae
448 2077 556 2119 plebis
582 2088 760 2116 concursu,
784 2077 890 2121 Regis
911 2087 949 2109 ac
973 2076 1161 2119 primatum
1186 2075 1258 2119 (qui
1280 2076 1354 2120 jam
1381 2076 1586 2120 Edinburgo
