1905 2746
351 304 394 334 10
830 301 944 331 VITA
966 301 1028 331 ET
1054 301 1175 331 MORs

357 418 556 456 temperare,
577 419 611 447 et
635 415 701 447 nisi
725 415 797 458 ipse
823 417 1007 449 earundem
1030 418 1127 450 testis
1149 418 1366 457 exstitissem,
1389 418 1518 451 nemini
1539 419 1655 451 eadem

353 496 508 528 narranti
526 495 626 528 fidem
644 501 843 529 astruerem.
893 497 995 530 Diem
1013 498 1104 529 enim
1122 502 1246 536 totum,
1264 498 1411 540 demptis
1429 498 1583 530 alimenti
1601 499 1653 530 in-

350 575 512 613 tervallis,
538 576 699 608 collocare
722 580 954 615 consueverat,
976 581 1037 609 aut
1058 577 1094 609 in
1120 577 1258 609 sublimi
1284 577 1435 620 capitum
1461 576 1652 621 Religionis

350 655 645 696 contemplatione,
663 655 776 686 autin
800 654 995 687 abditormn
1019 656 1199 697 scripturae
1223 656 1375 687 locorum
1399 656 1575 694 scrutinio,
1594 661 1653 688 aut

349 733 494 775 denique
521 733 557 764 in
583 733 822 765 controversiis
848 743 926 765 cum
953 733 1142 766 Pontificiis
1172 734 1383 766 dirimendis.
1434 734 1507 767 Ista
1536 740 1651 768 autem

348 811 505 852 quamvis
523 810 684 843 sublimia
701 816 735 844 et
752 813 893 850 excelsa,
911 813 999 844 mira
1012 811 1175 844 facilitate
1189 813 1292 845 etiam
1307 813 1349 845 ad
1361 814 1562 856 quorumvis
1576 824 1653 856 cap-

347 894 421 921 tum
439 889 649 931 expediebat.
701 889 801 922 Hanc
818 895 934 923 autem
951 891 1105 923 sedulam
1130 891 1203 934 ejus
1225 902 1363 934 operam
1383 892 1557 924 condierat
1574 892 1652 924 hor-

345 968 532 1001 tationibus
550 969 676 1001 crebris
694 969 818 1012 quibus
830 970 1056 1002 adolescentes
1074 970 1117 1002 ad
1131 970 1403 1008 sanctimoniam,
1417 970 1596 1013 fidemque,
1615 971 1650 1003 in

343 1059 484 1081 munere
508 1047 678 1080 Pastorali
703 1048 878 1081 incitabat.
929 1049 1119 1092 Flagitavit
1144 1049 1314 1091 imprimis
1339 1060 1382 1081 ne
1408 1049 1529 1081 crudos
1555 1060 1590 1081 se
1612 1060 1650 1082 ac

343 1128 545 1159 immaturos
567 1128 610 1159 ad
628 1138 754 1160 munus
778 1127 862 1159 illud
888 1128 1141 1171 protruderent,
1165 1128 1277 1160 zelum
1295 1137 1413 1160 eorum
1437 1127 1650 1170 amplexibus

344 1207 484 1239 hortatu
502 1206 619 1238 crebro
637 1206 883 1244 insinuaverat,
897 1216 1018 1239 verum
1036 1206 1220 1249 prudentia
1237 1206 1424 1244 conditum,
1442 1206 1649 1249 dextereque

343 1285 488 1322 monuit,
506 1295 548 1316 ne
562 1285 753 1328 juvenilem
769 1285 936 1324 ardorem,
950 1285 1175 1323 choleramve,
1186 1289 1246 1317 aut
1259 1285 1424 1322 innatam,
1438 1289 1498 1317 aut
1512 1285 1649 1317 aliunde

341 1363 532 1401 conflatam,
570 1367 631 1395 aut
656 1363 803 1406 denique
829 1363 872 1395 ad
906 1364 1134 1396 imitationem
1163 1364 1396 1406 compositam,
1424 1365 1647 1406 quantumvis

341 1442 477 1484 pietatis
495 1452 644 1484 supparo
662 1446 798 1481 tectam,
813 1443 849 1474 in
866 1442 1056 1475 Ecclesiam
1071 1442 1290 1475 inveherent:
1308 1442 1494 1475 fovendum
1508 1444 1647 1486 quidem

339 1522 374 1553 in
393 1520 546 1553 Ecclesia
564 1522 676 1553 zelum
693 1521 895 1565 genuinum,
913 1532 984 1554 esse
1002 1532 1080 1554 eum
1104 1522 1219 1566 ignem
1238 1522 1369 1554 caelitus
1388 1522 1644 1555 descendentem

340 1611 441 1643 quem
459 1600 504 1632 ali
522 1601 558 1632 in
577 1599 722 1642 Templo
741 1600 807 1632 Dei
832 1611 944 1643 operae
969 1601 1117 1643 pretium
1143 1605 1241 1639 esset,
1259 1601 1510 1643 explodendum
1529 1606 1644 1634 tamen

337 1680 449 1711 zelum
467 1678 709 1715 adulterinum,
727 1679 819 1721 quod
836 1679 926 1723 ignis
945 1680 989 1711 sit
1007 1680 1217 1723 peregrinus.
1257 1679 1392 1711 Obnixe
1409 1684 1524 1711 autem
1543 1681 1645 1713 serio-

337 1767 403 1799 que
426 1756 534 1788 suasit
558 1766 600 1787 ne
623 1766 676 1788 res
702 1767 782 1789 suas
808 1757 960 1799 privatas
984 1762 1156 1800 praetextu
1179 1757 1370 1801 Religionis
1396 1763 1564 1801 gererent,
1588 1770 1645 1792 ne-

336 1846 401 1877 que
418 1834 545 1866 famam
565 1834 770 1867 sinceritatis
788 1836 872 1868 alios
890 1837 1094 1880 sugillando,
1112 1836 1272 1875 taxando,
1290 1842 1519 1881 propagarent
1535 1847 1542 1870 :
1565 1837 1644 1871 hor-

334 1919 425 1946 tatus
455 1913 601 1955 denique
628 1913 715 1945 nihil
746 1915 926 1956 opinionis,
957 1916 1072 1948 omnia
1098 1916 1313 1948 conscientiae
1342 1916 1465 1959 gratia,
1490 1922 1640 1961 agerent.

338 1992 437 2025 Hanc
455 1992 528 2036 ejus
540 1991 743 2025 indefessam
756 1993 972 2026 sedulitatem
990 1994 1096 2027 tantis
1110 1994 1277 2027 fructibus
1291 1994 1406 2027 beavit
1419 1994 1524 2033 Deus,
1539 2001 1577 2029 ut
1590 1997 1642 2029 in-

334 2082 492 2103 numeros
510 2081 588 2103 cum
606 2071 649 2103 ad
667 2071 878 2114 Reipublicae
892 2074 1171 2112 emolumentum,
1185 2078 1260 2106 tum
1271 2074 1313 2106 ad
1328 2084 1453 2107 munus
1467 2078 1637 2117 pastorale
