1905 2746
339 278 385 308 40
787 275 900 305 VITA
923 275 985 304 ET
1011 275 1178 305 OBITUS

334 388 426 420 illius
440 393 568 421 catenae
583 388 900 422 beneficioruvaei
913 401 1002 433 quae,
1016 401 1088 433 cap.
1105 392 1136 428 8,
1149 400 1236 423 vers.
1252 392 1309 428 30,
1323 389 1482 433 habetur)
1497 394 1645 423 tractatu

334 468 463 512 insigni
476 468 517 500 de
530 469 704 502 nonnullis
720 468 928 502 Christianae
943 470 1108 502 doctrinae
1122 469 1290 513 capitibus
1304 479 1312 501 ε
1339 469 1418 501 Duo
1431 469 1505 502 haec
1520 470 1646 512 scripta

334 557 412 579 cum
435 547 524 580 forte
547 549 584 580 in
607 559 729 581 manus
748 548 956 581 celeberrimi
979 549 1071 581 illius
1096 548 1264 592 Theologi
1282 548 1326 580 D.
1353 548 1525 581 Theodori
1544 548 1647 581 Bezae

336 626 534 659 incidissent
552 630 649 659 tanto
662 627 789 670 gaudio
807 627 880 670 ejus
899 627 1053 658 animum
1068 625 1304 669 perfuderunt,
1318 631 1367 665 ut,
1382 627 1418 659 in
1432 626 1590 669 Epistola
1604 627 1646 658 ad

334 703 357 736 J
360 715 505 737 oannem
516 704 538 736 J
540 704 750 737 ohnstonum
760 704 960 749 Theologiae
970 705 1006 737 in
1014 704 1202 737 Academia
1212 704 1398 738 Andreana
1409 705 1645 748 professorem,

336 795 404 816 non
421 784 573 826 potuerit
591 795 626 816 se
644 785 817 817 continere
836 785 921 827 quin
938 785 974 817 in
992 785 1066 829 ejus
1085 785 1202 817 laudes
1223 789 1427 828 erumperet.
1456 784 1579 818 Visum
1597 789 1648 817 est

335 864 450 906 aliqua
464 864 571 906 ipsius
589 864 695 896 verba
712 868 872 896 attexere.
900 868 919 881 ‘⁴
936 863 1011 896 Hoc
1029 865 1103 906 ipso
1118 869 1281 907 tempore,
1299 862 1451 909 (inquit,)
1469 864 1555 897 mihi
1569 875 1648 897 con-

335 943 415 986 tigit
430 942 649 975 Thesaurum
667 944 827 981 nancisci,
845 944 904 986 qui
919 944 1030 975 nescio
1042 954 1110 986 quo
1127 944 1267 976 sinistro
1278 943 1360 982 fato,
1371 944 1529 987 quamvis
1543 944 1598 976 hic
1612 944 1646 975 in

334 1023 489 1055 omnium
507 1024 653 1055 aliorum
670 1027 852 1065 conspectu
870 1027 1075 1061 versaretur,
1094 1034 1147 1054 me
1165 1026 1281 1055 tamen
1299 1023 1410 1055 adhuc
1431 1023 1646 1067 subterfuge-

336 1106 390 1134 rat
405 1112 412 1133 z
440 1101 660 1134 Thesaurum
677 1102 769 1134 enim
787 1112 847 1134 cur
864 1112 933 1133 non
952 1102 1129 1144 appellem,
1143 1106 1176 1134 et
1194 1102 1332 1144 quidem
1350 1102 1646 1144 pretiosissimum,

336 1182 411 1214 illos
430 1181 621 1214 honorandi
639 1181 774 1213 summe
793 1180 922 1219 fratris,
940 1180 983 1212 D.
1006 1180 1148 1219 Rolloci,
1166 1191 1243 1213 cum
1261 1181 1297 1213 in
1316 1180 1508 1223 Epistolam
1523 1182 1565 1213 ad
1579 1181 1647 1213 Ro-

337 1272 467 1299 manos,
486 1266 560 1293 tum
578 1261 614 1292 in
633 1260 827 1303 Epistolam
851 1261 893 1292 ad
911 1259 1092 1303 Ephesios,
1112 1264 1294 1303 utramque
1318 1261 1408 1293 inter
1424 1259 1641 1303 Apostolicos

340 1352 456 1374 omnes
474 1340 787 1378 celebratissimam,
805 1340 1070 1372 commentarios
1082 1340 1098 1372 ἶ)
1126 1339 1181 1373 Sic
1200 1341 1290 1372 enim
1309 1351 1372 1384 ego
1390 1341 1529 1383 quidem
1546 1342 1586 1373 de
1604 1342 1645 1373 iis

341 1421 432 1463 apud
450 1431 504 1452 me
521 1424 636 1452 statuo
656 1417 761 1462 (quod
778 1419 905 1462 absque
924 1420 995 1451 ulla
1007 1419 1119 1462 specie
1143 1420 1351 1452 adulationis
1374 1420 1505 1452 dictum
1522 1421 1641 1464 velim)

339 1499 426 1532 nihil
443 1500 555 1532 adhuc
572 1500 694 1543 legisse
711 1509 765 1531 me
783 1499 819 1531 in
837 1498 900 1531 hoc
919 1499 1212 1541 interpretationis
1229 1510 1352 1542 genere
1370 1498 1509 1532 brevius
1533 1500 1644 1538 simul,

339 1590 416 1612 cum
441 1578 643 1623 elegantius,
662 1583 737 1611 tum
759 1578 964 1622 judiciosius
989 1579 1166 1621 scriptum,
1189 1583 1228 1610 ut
1250 1579 1322 1621 ipse
1345 1589 1399 1610 me
1422 1579 1463 1611 iis
1484 1579 1644 1621 inspectis

339 1658 512 1691 continere
530 1658 761 1700 nequiverem,
779 1667 840 1688 nec
863 1657 978 1694 etiam,
997 1657 1128 1699 opinor,
1146 1656 1332 1695 debuerim,
1352 1659 1436 1700 quin
1460 1662 1493 1690 et
1510 1657 1584 1690 Deo
1602 1659 1643 1690 de

342 1738 404 1770 1100
421 1737 605 1770 utilissimo
623 1735 847 1780 proculdubio
865 1736 1128 1778 quamplurimis
1145 1735 1263 1768 futuro
1281 1735 1394 1768 labore
1408 1737 1537 1780 gratias
1551 1747 1646 1781 mag-

341 1828 402 1849 nas
420 1827 567 1860 agerem,
585 1821 619 1848 et
636 1820 775 1848 tantum
798 1815 862 1847 hoc
886 1814 982 1846 vobis
1009 1814 1147 1853 bonum,
1169 1816 1223 1847 vel
1246 1816 1310 1847 toti
1334 1816 1448 1858 potius
1470 1815 1644 1855 Ecclesiae,

340 1896 542 1939 gratularer,
563 1894 676 1927 Deum
701 1898 859 1937 precatus
885 1898 924 1926 ut
949 1894 1040 1925 hunc
1061 1894 1236 1926 hominem
1257 1895 1356 1927 novis
1384 1895 1528 1927 subinde
1545 1896 1643 1928 donis

343 1981 482 2007 auctum
500 1974 643 2006 feliciter
661 1978 848 2011 conservet,
869 1973 932 2005 1100
958 1973 1149 2015 praesertim
1175 1978 1327 2016 tempore
1353 1974 1388 2006 in
1414 1985 1483 2017 quo
1505 1979 1644 2017 propter

345 2058 476 2086 tantam
495 2053 728 2095 operariorum
746 2053 782 2084 in
800 2052 982 2084 excolenda
999 2051 1064 2084 Dei
1082 2052 1189 2084 nostri
1202 2053 1301 2085 vinea
1314 2053 1501 2091 raritatem,
1515 2058 1548 2086 et
1561 2064 1643 2096 pau-
